<marc:record><marc:leader>01388cam  2200325   4500</marc:leader><marc:controlfield tag="001">4</marc:controlfield><marc:controlfield tag="003">http://www.mediathequederoubaix.fr/ark:/20179/KH4</marc:controlfield><marc:datafield tag="010" ind1=" " ind2=" "><marc:subfield code="a">2-08-171012-9</marc:subfield><marc:subfield code="d">3.35 EUR.</marc:subfield></marc:datafield><marc:datafield tag="020" ind1=" " ind2=" "><marc:subfield code="a">FR</marc:subfield><marc:subfield code="b">08003689</marc:subfield></marc:datafield><marc:datafield tag="021" ind1=" " ind2=" "><marc:subfield code="a">FR</marc:subfield><marc:subfield code="b">DL 79-28300</marc:subfield></marc:datafield><marc:datafield tag="033" ind1=" " ind2=" "><marc:subfield code="a">http://catalogue.bnf.fr/ark:/12148/cb34647767p</marc:subfield></marc:datafield><marc:datafield tag="035" ind1=" " ind2=" "><marc:subfield code="a">FRBNF346477670000000</marc:subfield></marc:datafield><marc:datafield tag="039" ind1=" " ind2=" "><marc:subfield code="o">OPL</marc:subfield><marc:subfield code="a">001101842</marc:subfield></marc:datafield><marc:datafield tag="090" ind1=" " ind2=" "><marc:subfield code="a">4</marc:subfield></marc:datafield><marc:datafield tag="091" ind1=" " ind2=" "><marc:subfield code="b">20180701</marc:subfield><marc:subfield code="c">1</marc:subfield><marc:subfield code="a">2</marc:subfield></marc:datafield><marc:datafield tag="099" ind1=" " ind2=" "><marc:subfield code="t">LI</marc:subfield><marc:subfield code="c">2014-06-30</marc:subfield><marc:subfield code="d">2014-06-30</marc:subfield><marc:subfield code="x">4</marc:subfield></marc:datafield><marc:datafield tag="100" ind1=" " ind2=" "><marc:subfield code="a">19800212d1979    a  y0frey50      ba</marc:subfield></marc:datafield><marc:datafield tag="101" ind1="1" ind2=" "><marc:subfield code="a">fre</marc:subfield><marc:subfield code="b">ger</marc:subfield><marc:subfield code="c">dan</marc:subfield></marc:datafield><marc:datafield tag="102" ind1=" " ind2=" "><marc:subfield code="a">FR</marc:subfield></marc:datafield><marc:datafield tag="105" ind1=" " ind2=" "><marc:subfield code="a">a   z   00|a|</marc:subfield></marc:datafield><marc:datafield tag="106" ind1=" " ind2=" "><marc:subfield code="a">r</marc:subfield></marc:datafield><marc:datafield tag="200" ind1="1" ind2=" "><marc:subfield code="a">Les Habits neufs de l&apos;empereur</marc:subfield><marc:subfield code="b">Texte imprimé</marc:subfield><marc:subfield code="e">texte intégral</marc:subfield><marc:subfield code="f">un conte de Hans Christian Andersen</marc:subfield><marc:subfield code="g">illustré par Monika Laimgruber</marc:subfield><marc:subfield code="g">[traduit de la version allemande]</marc:subfield></marc:datafield><marc:datafield tag="210" ind1=" " ind2=" "><marc:subfield code="a">Paris</marc:subfield><marc:subfield code="c">Flammarion</marc:subfield><marc:subfield code="d">1979</marc:subfield><marc:subfield code="e">impr. en Suisse</marc:subfield></marc:datafield><marc:datafield tag="215" ind1=" " ind2=" "><marc:subfield code="a">[19] p.</marc:subfield><marc:subfield code="c">ill. en coul., couv. ill. en coul.</marc:subfield><marc:subfield code="d">29 cm</marc:subfield></marc:datafield><marc:datafield tag="339" ind1=" " ind2=" "><marc:subfield code="a">a</marc:subfield></marc:datafield><marc:datafield tag="686" ind1=" " ind2=" "><marc:subfield code="a">83 </marc:subfield><marc:subfield code="2">Cadre de classement de la Bibliographie nationale française</marc:subfield></marc:datafield><marc:datafield tag="700" ind1=" " ind2=" "><marc:subfield code="3">11888753</marc:subfield><marc:subfield code="o">ISNI0000000121184353</marc:subfield><marc:subfield code="a">Andersen</marc:subfield><marc:subfield code="b">Hans Christian</marc:subfield><marc:subfield code="f">1805-1875</marc:subfield><marc:subfield code="4">070</marc:subfield></marc:datafield><marc:datafield tag="702" ind1=" " ind2=" "><marc:subfield code="3">11910710</marc:subfield><marc:subfield code="o">ISNI0000000121020922</marc:subfield><marc:subfield code="a">Laimgrüber</marc:subfield><marc:subfield code="b">Monika</marc:subfield><marc:subfield code="f">1946-....</marc:subfield><marc:subfield code="4">440</marc:subfield></marc:datafield><marc:datafield tag="801" ind1=" " ind2="0"><marc:subfield code="a">FR</marc:subfield><marc:subfield code="b">FR-751131015</marc:subfield><marc:subfield code="c">19800212</marc:subfield><marc:subfield code="g">AFNOR</marc:subfield><marc:subfield code="h">FRBNF346477670000000</marc:subfield><marc:subfield code="2">intermrc</marc:subfield></marc:datafield><marc:datafield tag="995" ind1=" " ind2=" "><marc:subfield code="0">0</marc:subfield><marc:subfield code="2">0</marc:subfield><marc:subfield code="4">0</marc:subfield><marc:subfield code="5">2005-03-22</marc:subfield><marc:subfield code="9">15</marc:subfield><marc:subfield code="P">3.35</marc:subfield><marc:subfield code="b">MED</marc:subfield><marc:subfield code="c">MED</marc:subfield><marc:subfield code="e">MED0A</marc:subfield><marc:subfield code="f">C0001017254</marc:subfield><marc:subfield code="h">JABEFAE</marc:subfield><marc:subfield code="k">EXT E C/AND</marc:subfield><marc:subfield code="o">0</marc:subfield><marc:subfield code="p">3.35</marc:subfield><marc:subfield code="r">PRETLIV</marc:subfield><marc:subfield code="s">EXT_E_CAND</marc:subfield><marc:subfield code="w">23</marc:subfield><marc:subfield code="y">2018-12-21</marc:subfield></marc:datafield></marc:record>