<marc:record><marc:leader>01523nam  2200337   4500</marc:leader><marc:controlfield tag="001">9</marc:controlfield><marc:controlfield tag="003">http://www.mediathequederoubaix.fr/ark:/20179/KH9</marc:controlfield><marc:datafield tag="010" ind1=" " ind2=" "><marc:subfield code="a">2-246-42161-6</marc:subfield><marc:subfield code="d">22.56 EUR.</marc:subfield></marc:datafield><marc:datafield tag="020" ind1=" " ind2=" "><marc:subfield code="a">FR</marc:subfield><marc:subfield code="b">09006998</marc:subfield></marc:datafield><marc:datafield tag="021" ind1=" " ind2=" "><marc:subfield code="a">FR</marc:subfield><marc:subfield code="b">DL 89-28400</marc:subfield></marc:datafield><marc:datafield tag="033" ind1=" " ind2=" "><marc:subfield code="a">http://catalogue.bnf.fr/ark:/12148/cb350522631</marc:subfield></marc:datafield><marc:datafield tag="035" ind1=" " ind2=" "><marc:subfield code="a">FRBNF350522630000000</marc:subfield></marc:datafield><marc:datafield tag="039" ind1=" " ind2=" "><marc:subfield code="o">OPL</marc:subfield><marc:subfield code="a">007516806</marc:subfield></marc:datafield><marc:datafield tag="090" ind1=" " ind2=" "><marc:subfield code="a">9</marc:subfield></marc:datafield><marc:datafield tag="091" ind1=" " ind2=" "><marc:subfield code="b">20180701</marc:subfield><marc:subfield code="c">1</marc:subfield><marc:subfield code="a">2</marc:subfield></marc:datafield><marc:datafield tag="099" ind1=" " ind2=" "><marc:subfield code="t">LI</marc:subfield><marc:subfield code="c">2014-06-30</marc:subfield><marc:subfield code="d">2014-06-30</marc:subfield><marc:subfield code="x">7</marc:subfield></marc:datafield><marc:datafield tag="100" ind1=" " ind2=" "><marc:subfield code="a">19900125d1989    a  y0frey50      ba</marc:subfield></marc:datafield><marc:datafield tag="101" ind1="0" ind2=" "><marc:subfield code="a">fre</marc:subfield></marc:datafield><marc:datafield tag="102" ind1=" " ind2=" "><marc:subfield code="a">FR</marc:subfield></marc:datafield><marc:datafield tag="105" ind1=" " ind2=" "><marc:subfield code="a">a   z   00|a|</marc:subfield></marc:datafield><marc:datafield tag="106" ind1=" " ind2=" "><marc:subfield code="a">r</marc:subfield></marc:datafield><marc:datafield tag="200" ind1="1" ind2=" "><marc:subfield code="a">La Chatte blanche</marc:subfield><marc:subfield code="b">Texte imprimé</marc:subfield><marc:subfield code="e">et autres contes</marc:subfield><marc:subfield code="f">de Mme d&apos;Aulnoy</marc:subfield><marc:subfield code="g">ill. par Frédéric Clément</marc:subfield></marc:datafield><marc:datafield tag="210" ind1=" " ind2=" "><marc:subfield code="a">Paris</marc:subfield><marc:subfield code="c">Grasset</marc:subfield><marc:subfield code="d">1989</marc:subfield><marc:subfield code="e">86-Ligugé</marc:subfield><marc:subfield code="g">Impr. Aubin</marc:subfield></marc:datafield><marc:datafield tag="215" ind1=" " ind2=" "><marc:subfield code="a">77 p.</marc:subfield><marc:subfield code="c">ill. en coul., couv. ill. en coul.</marc:subfield><marc:subfield code="d">29 cm</marc:subfield></marc:datafield><marc:datafield tag="339" ind1=" " ind2=" "><marc:subfield code="a">a</marc:subfield></marc:datafield><marc:datafield tag="686" ind1=" " ind2=" "><marc:subfield code="a">823</marc:subfield><marc:subfield code="2">Cadre de classement de la Bibliographie nationale française</marc:subfield></marc:datafield><marc:datafield tag="700" ind1=" " ind2=" "><marc:subfield code="3">11889558</marc:subfield><marc:subfield code="9">12</marc:subfield><marc:subfield code="a">Aulnoy</marc:subfield><marc:subfield code="b">Marie-Catherine Le Jumel de Barneville</marc:subfield><marc:subfield code="f">1650-1705</marc:subfield><marc:subfield code="c">baronne d&apos;</marc:subfield><marc:subfield code="4">070</marc:subfield></marc:datafield><marc:datafield tag="702" ind1=" " ind2=" "><marc:subfield code="3">11897022</marc:subfield><marc:subfield code="9">13</marc:subfield><marc:subfield code="o">ISNI0000000121461808</marc:subfield><marc:subfield code="a">Clément</marc:subfield><marc:subfield code="b">Frédéric</marc:subfield><marc:subfield code="f">1949-....</marc:subfield><marc:subfield code="4">440</marc:subfield></marc:datafield><marc:datafield tag="801" ind1=" " ind2="0"><marc:subfield code="a">FR</marc:subfield><marc:subfield code="b">FR-751131015</marc:subfield><marc:subfield code="c">19900125</marc:subfield><marc:subfield code="g">AFNOR</marc:subfield><marc:subfield code="h">FRBNF350522630000000</marc:subfield><marc:subfield code="2">intermrc</marc:subfield></marc:datafield><marc:datafield tag="995" ind1=" " ind2=" "><marc:subfield code="0">0</marc:subfield><marc:subfield code="2">1</marc:subfield><marc:subfield code="4">0</marc:subfield><marc:subfield code="5">2010-10-12</marc:subfield><marc:subfield code="9">30</marc:subfield><marc:subfield code="P">22.60</marc:subfield><marc:subfield code="b">MED</marc:subfield><marc:subfield code="c">MED</marc:subfield><marc:subfield code="e">MED2A</marc:subfield><marc:subfield code="f">C0005298470</marc:subfield><marc:subfield code="h">JABCTEF</marc:subfield><marc:subfield code="k">E C/AUL</marc:subfield><marc:subfield code="n">2018-03-15</marc:subfield><marc:subfield code="o">0</marc:subfield><marc:subfield code="p">22.60</marc:subfield><marc:subfield code="r">PRETLIV</marc:subfield><marc:subfield code="s">E_CAUL</marc:subfield><marc:subfield code="w">5</marc:subfield><marc:subfield code="y">2018-02-01</marc:subfield><marc:subfield code="7">Bateau Livre</marc:subfield></marc:datafield><marc:datafield tag="995" ind1=" " ind2=" "><marc:subfield code="0">0</marc:subfield><marc:subfield code="2">0</marc:subfield><marc:subfield code="4">0</marc:subfield><marc:subfield code="5">2005-10-12</marc:subfield><marc:subfield code="9">32</marc:subfield><marc:subfield code="P">22.60</marc:subfield><marc:subfield code="b">MED</marc:subfield><marc:subfield code="c">MED</marc:subfield><marc:subfield code="e">MED0A</marc:subfield><marc:subfield code="f">C0003966336</marc:subfield><marc:subfield code="h">JABEFAE</marc:subfield><marc:subfield code="k">EXT E C/AUL</marc:subfield><marc:subfield code="n">2019-07-02</marc:subfield><marc:subfield code="o">0</marc:subfield><marc:subfield code="p">22.60</marc:subfield><marc:subfield code="r">PRETLIV</marc:subfield><marc:subfield code="s">EXT_E_CAUL</marc:subfield><marc:subfield code="w">9</marc:subfield><marc:subfield code="y">2018-09-20</marc:subfield><marc:subfield code="7">Bateau Livre</marc:subfield></marc:datafield></marc:record>