<marc:record><marc:leader>01235na  a2200301   4500</marc:leader><marc:controlfield tag="001">11</marc:controlfield><marc:controlfield tag="005">20180719164906.0</marc:controlfield><marc:datafield tag="010" ind1=" " ind2=" "><marc:subfield code="a">2-85319-122-2</marc:subfield><marc:subfield code="d">3.35 EUR.</marc:subfield></marc:datafield><marc:datafield tag="033" ind1=" " ind2=" "><marc:subfield code="a">http://catalogue.bnf.fr/ark:/12148/cb347802381</marc:subfield></marc:datafield><marc:datafield tag="035" ind1=" " ind2=" "><marc:subfield code="a">FRBNF347802380000007</marc:subfield></marc:datafield><marc:datafield tag="090" ind1=" " ind2=" "><marc:subfield code="a">11</marc:subfield></marc:datafield><marc:datafield tag="091" ind1=" " ind2=" "><marc:subfield code="a">2</marc:subfield><marc:subfield code="b">20180701</marc:subfield><marc:subfield code="c">0</marc:subfield></marc:datafield><marc:datafield tag="099" ind1=" " ind2=" "><marc:subfield code="t">LI</marc:subfield><marc:subfield code="c">2014-06-30</marc:subfield><marc:subfield code="d">2014-06-30</marc:subfield><marc:subfield code="x">0</marc:subfield></marc:datafield><marc:datafield tag="100" ind1=" " ind2=" "><marc:subfield code="a">19840420d1983    m  y0frey5003    ba</marc:subfield></marc:datafield><marc:datafield tag="101" ind1=" " ind2=" "><marc:subfield code="a">ful</marc:subfield><marc:subfield code="a">fre</marc:subfield></marc:datafield><marc:datafield tag="200" ind1=" " ind2=" "><marc:subfield code="a">Bâba Zandou raconte</marc:subfield><marc:subfield code="e">contes peuls du Cameroun</marc:subfield><marc:subfield code="f">textes recueillis et trad. par Dominique Noye ; ill. de Solange Labatut</marc:subfield></marc:datafield><marc:datafield tag="210" ind1=" " ind2=" "><marc:subfield code="c">CILF</marc:subfield><marc:subfield code="c">EDICEF</marc:subfield><marc:subfield code="a">Paris</marc:subfield><marc:subfield code="d">1983</marc:subfield><marc:subfield code="e">Paris</marc:subfield><marc:subfield code="g">Impr. Boudin</marc:subfield></marc:datafield><marc:datafield tag="215" ind1=" " ind2=" "><marc:subfield code="a">153 p.</marc:subfield><marc:subfield code="c">ill., couv. ill. en coul.</marc:subfield><marc:subfield code="d">18 cm</marc:subfield></marc:datafield><marc:datafield tag="225" ind1="0" ind2=" "><marc:subfield code="a">Fleuve et flamme</marc:subfield></marc:datafield><marc:datafield tag="305" ind1=" " ind2=" "><marc:subfield code="a">Bilingue peul-français</marc:subfield></marc:datafield><marc:datafield tag="339" ind1=" " ind2=" "><marc:subfield code="a">m</marc:subfield></marc:datafield><marc:datafield tag="410" ind1=" " ind2=" "><marc:subfield code="t">Fleuve et flamme</marc:subfield></marc:datafield><marc:datafield tag="606" ind1="0" ind2=" "><marc:subfield code="3">12010949</marc:subfield><marc:subfield code="9">15</marc:subfield><marc:subfield code="a">Contes africains</marc:subfield><marc:subfield code="x">Ouvrages pour la jeunesse</marc:subfield><marc:subfield code="y">Afrique centrale</marc:subfield><marc:subfield code="2">rameau</marc:subfield></marc:datafield><marc:datafield tag="700" ind1="0" ind2=" "><marc:subfield code="9">278977</marc:subfield><marc:subfield code="a">Bâba Zandou</marc:subfield><marc:subfield code="3">11930052</marc:subfield></marc:datafield><marc:datafield tag="702" ind1="0" ind2=" "><marc:subfield code="9">278978</marc:subfield><marc:subfield code="a">Labatut</marc:subfield><marc:subfield code="b">Solange</marc:subfield><marc:subfield code="4">440</marc:subfield></marc:datafield><marc:datafield tag="702" ind1="0" ind2=" "><marc:subfield code="9">16</marc:subfield><marc:subfield code="3">11917932</marc:subfield><marc:subfield code="4">340</marc:subfield><marc:subfield code="a">Noye</marc:subfield><marc:subfield code="b">Dominique</marc:subfield><marc:subfield code="f">1914-1983</marc:subfield></marc:datafield><marc:datafield tag="801" ind1=" " ind2=" "><marc:subfield code="a">FR</marc:subfield><marc:subfield code="b">595126101</marc:subfield><marc:subfield code="c">20160119</marc:subfield><marc:subfield code="g">AFNOR</marc:subfield></marc:datafield><marc:datafield tag="995" ind1=" " ind2=" "><marc:subfield code="0">0</marc:subfield><marc:subfield code="2">0</marc:subfield><marc:subfield code="4">0</marc:subfield><marc:subfield code="5">2005-03-22</marc:subfield><marc:subfield code="9">36</marc:subfield><marc:subfield code="P">3.35</marc:subfield><marc:subfield code="b">MED</marc:subfield><marc:subfield code="c">MED</marc:subfield><marc:subfield code="e">MED3E</marc:subfield><marc:subfield code="f">C0000585165</marc:subfield><marc:subfield code="h">AZZMAZZ</marc:subfield><marc:subfield code="k">Mag. in-8/42 945</marc:subfield><marc:subfield code="o">0</marc:subfield><marc:subfield code="p">3.35</marc:subfield><marc:subfield code="r">PRETLIV</marc:subfield><marc:subfield code="s">MAG___IN842_945_00000000000000</marc:subfield><marc:subfield code="w">6</marc:subfield><marc:subfield code="y">2014-06-30</marc:subfield></marc:datafield></marc:record>