<marc:record><marc:leader>01886cam  2200397   4500</marc:leader><marc:controlfield tag="001">23</marc:controlfield><marc:controlfield tag="003">http://www.mediathequederoubaix.fr/ark:/20179/KH23</marc:controlfield><marc:datafield tag="010" ind1=" " ind2=" "><marc:subfield code="a">2-246-33591-4</marc:subfield></marc:datafield><marc:datafield tag="020" ind1=" " ind2=" "><marc:subfield code="a">FR</marc:subfield><marc:subfield code="b">08501707</marc:subfield></marc:datafield><marc:datafield tag="021" ind1=" " ind2=" "><marc:subfield code="a">FR</marc:subfield><marc:subfield code="b">DL 84-13422</marc:subfield></marc:datafield><marc:datafield tag="033" ind1=" " ind2=" "><marc:subfield code="a">http://catalogue.bnf.fr/ark:/12148/cb347596031</marc:subfield></marc:datafield><marc:datafield tag="035" ind1=" " ind2=" "><marc:subfield code="a">FRBNF347596030000003</marc:subfield></marc:datafield><marc:datafield tag="039" ind1=" " ind2=" "><marc:subfield code="o">OPL</marc:subfield><marc:subfield code="a">002424389</marc:subfield></marc:datafield><marc:datafield tag="090" ind1=" " ind2=" "><marc:subfield code="a">23</marc:subfield></marc:datafield><marc:datafield tag="091" ind1=" " ind2=" "><marc:subfield code="b">20180701</marc:subfield><marc:subfield code="c">1</marc:subfield><marc:subfield code="a">2</marc:subfield></marc:datafield><marc:datafield tag="099" ind1=" " ind2=" "><marc:subfield code="t">LI</marc:subfield><marc:subfield code="c">2014-06-30</marc:subfield><marc:subfield code="d">2014-06-30</marc:subfield><marc:subfield code="x">7</marc:subfield></marc:datafield><marc:datafield tag="100" ind1=" " ind2=" "><marc:subfield code="a">19840420d1984    m  y0frey50      ba</marc:subfield></marc:datafield><marc:datafield tag="101" ind1="0" ind2=" "><marc:subfield code="a">fre</marc:subfield></marc:datafield><marc:datafield tag="102" ind1=" " ind2=" "><marc:subfield code="a">FR</marc:subfield></marc:datafield><marc:datafield tag="105" ind1=" " ind2=" "><marc:subfield code="a">||||z   00|||</marc:subfield></marc:datafield><marc:datafield tag="106" ind1=" " ind2=" "><marc:subfield code="a">r</marc:subfield></marc:datafield><marc:datafield tag="200" ind1="1" ind2=" "><marc:subfield code="a">Le Cochon enchanté</marc:subfield><marc:subfield code="b">Texte imprimé</marc:subfield><marc:subfield code="f">conte roumain ill. par Jacques Tardi</marc:subfield><marc:subfield code="g">[trad. par Christophe Gallaz]</marc:subfield></marc:datafield><marc:datafield tag="210" ind1=" " ind2=" "><marc:subfield code="a">Paris</marc:subfield><marc:subfield code="c">Grasset-Fasquelle</marc:subfield><marc:subfield code="d">1984</marc:subfield></marc:datafield><marc:datafield tag="215" ind1=" " ind2=" "><marc:subfield code="a">[36] p.</marc:subfield></marc:datafield><marc:datafield tag="225" ind1=" " ind2=" "><marc:subfield code="a">Grasset Monsieur Chat</marc:subfield><marc:subfield code="x">0760-3290</marc:subfield></marc:datafield><marc:datafield tag="339" ind1=" " ind2=" "><marc:subfield code="a">a</marc:subfield></marc:datafield><marc:datafield tag="410" ind1=" " ind2="0"><marc:subfield code="0">34238438</marc:subfield><marc:subfield code="t">Monsieur Chat (Paris. 1983)</marc:subfield><marc:subfield code="x">0760-3290</marc:subfield><marc:subfield code="v">20</marc:subfield></marc:datafield><marc:datafield tag="609" ind1="0" ind2=" "><marc:subfield code="a">Contes roumains</marc:subfield><marc:subfield code="x">Ouvrages pour la jeunesse</marc:subfield><marc:subfield code="2">rameau</marc:subfield></marc:datafield><marc:datafield tag="686" ind1=" " ind2=" "><marc:subfield code="a">83 </marc:subfield><marc:subfield code="2">Cadre de classement de la Bibliographie nationale française</marc:subfield></marc:datafield><marc:datafield tag="702" ind1=" " ind2=" "><marc:subfield code="3">11926024</marc:subfield><marc:subfield code="9">27</marc:subfield><marc:subfield code="o">ISNI0000000121421179</marc:subfield><marc:subfield code="a">Tardi</marc:subfield><marc:subfield code="b">Jacques</marc:subfield><marc:subfield code="f">1946-....</marc:subfield><marc:subfield code="4">440</marc:subfield></marc:datafield><marc:datafield tag="702" ind1=" " ind2=" "><marc:subfield code="3">11903954</marc:subfield><marc:subfield code="9">28</marc:subfield><marc:subfield code="a">Gallaz</marc:subfield><marc:subfield code="b">Christophe</marc:subfield><marc:subfield code="f">1948-....</marc:subfield><marc:subfield code="4">730</marc:subfield></marc:datafield><marc:datafield tag="801" ind1=" " ind2="0"><marc:subfield code="a">FR</marc:subfield><marc:subfield code="b">FR-751131015</marc:subfield><marc:subfield code="c">19840420</marc:subfield><marc:subfield code="g">AFNOR</marc:subfield><marc:subfield code="h">FRBNF347596030000003</marc:subfield><marc:subfield code="2">intermrc</marc:subfield></marc:datafield><marc:datafield tag="995" ind1=" " ind2=" "><marc:subfield code="0">0</marc:subfield><marc:subfield code="2">0</marc:subfield><marc:subfield code="4">0</marc:subfield><marc:subfield code="5">2005-03-22</marc:subfield><marc:subfield code="9">55</marc:subfield><marc:subfield code="P">8.55</marc:subfield><marc:subfield code="b">MED</marc:subfield><marc:subfield code="c">MED</marc:subfield><marc:subfield code="e">MED2A</marc:subfield><marc:subfield code="f">C0000239073</marc:subfield><marc:subfield code="h">JABCTEF</marc:subfield><marc:subfield code="k">E CA/COC</marc:subfield><marc:subfield code="o">0</marc:subfield><marc:subfield code="p">8.55</marc:subfield><marc:subfield code="r">PRETLIV</marc:subfield><marc:subfield code="s">E_CACOC</marc:subfield><marc:subfield code="w">4</marc:subfield><marc:subfield code="y">2017-06-03</marc:subfield></marc:datafield><marc:datafield tag="995" ind1=" " ind2=" "><marc:subfield code="0">0</marc:subfield><marc:subfield code="2">0</marc:subfield><marc:subfield code="4">0</marc:subfield><marc:subfield code="5">2005-10-12</marc:subfield><marc:subfield code="9">56</marc:subfield><marc:subfield code="P">8.55</marc:subfield><marc:subfield code="b">MED</marc:subfield><marc:subfield code="c">MED</marc:subfield><marc:subfield code="e">MED0A</marc:subfield><marc:subfield code="f">C0003945835</marc:subfield><marc:subfield code="h">JABEFAE</marc:subfield><marc:subfield code="k">EXT E C/COC</marc:subfield><marc:subfield code="n">2019-06-30</marc:subfield><marc:subfield code="o">0</marc:subfield><marc:subfield code="p">8.55</marc:subfield><marc:subfield code="r">PRETLIV</marc:subfield><marc:subfield code="s">EXT_E_CCOC</marc:subfield><marc:subfield code="w">8</marc:subfield><marc:subfield code="y">2018-01-23</marc:subfield><marc:subfield code="7">Bateau Livre</marc:subfield></marc:datafield><marc:datafield tag="995" ind1=" " ind2=" "><marc:subfield code="0">0</marc:subfield><marc:subfield code="2">0</marc:subfield><marc:subfield code="4">0</marc:subfield><marc:subfield code="5">2005-10-12</marc:subfield><marc:subfield code="9">57</marc:subfield><marc:subfield code="P">8.55</marc:subfield><marc:subfield code="b">MED</marc:subfield><marc:subfield code="c">MED</marc:subfield><marc:subfield code="e">MED0A</marc:subfield><marc:subfield code="f">C0003945770</marc:subfield><marc:subfield code="h">JABEFAE</marc:subfield><marc:subfield code="k">EXT E C/COC</marc:subfield><marc:subfield code="o">0</marc:subfield><marc:subfield code="p">8.55</marc:subfield><marc:subfield code="r">PRETLIV</marc:subfield><marc:subfield code="s">EXT_E_CCOC</marc:subfield><marc:subfield code="w">9</marc:subfield><marc:subfield code="y">2017-03-14</marc:subfield><marc:subfield code="7">Bateau Livre</marc:subfield></marc:datafield><marc:datafield tag="995" ind1=" " ind2=" "><marc:subfield code="0">0</marc:subfield><marc:subfield code="2">0</marc:subfield><marc:subfield code="3">0</marc:subfield><marc:subfield code="4">0</marc:subfield><marc:subfield code="5">2018-09-29</marc:subfield><marc:subfield code="9">382102</marc:subfield><marc:subfield code="b">MED</marc:subfield><marc:subfield code="c">MED</marc:subfield><marc:subfield code="e">MED0A</marc:subfield><marc:subfield code="f">C0003037195</marc:subfield><marc:subfield code="h">JABCTEF</marc:subfield><marc:subfield code="k">EXT E C/COC</marc:subfield><marc:subfield code="n">2019-07-06</marc:subfield><marc:subfield code="o">0</marc:subfield><marc:subfield code="r">PRETLIV</marc:subfield><marc:subfield code="s">EXT_E_C_COC</marc:subfield><marc:subfield code="w">1</marc:subfield><marc:subfield code="y">2018-09-29</marc:subfield><marc:subfield code="A">0</marc:subfield></marc:datafield></marc:record>