<marc:record><marc:leader>01491cam  2200373   4500</marc:leader><marc:controlfield tag="001">33</marc:controlfield><marc:controlfield tag="003">http://www.mediathequederoubaix.fr/ark:/20179/KH33</marc:controlfield><marc:datafield tag="010" ind1=" " ind2=" "><marc:subfield code="a">2-85802-667-X</marc:subfield><marc:subfield code="d">20.58 EUR.</marc:subfield></marc:datafield><marc:datafield tag="020" ind1=" " ind2=" "><marc:subfield code="a">FR</marc:subfield><marc:subfield code="b">08808400</marc:subfield></marc:datafield><marc:datafield tag="021" ind1=" " ind2=" "><marc:subfield code="a">FR</marc:subfield><marc:subfield code="b">DL 87-14470</marc:subfield></marc:datafield><marc:datafield tag="033" ind1=" " ind2=" "><marc:subfield code="a">http://catalogue.bnf.fr/ark:/12148/cb34975575d</marc:subfield></marc:datafield><marc:datafield tag="035" ind1=" " ind2=" "><marc:subfield code="a">FRBNF349755750000001</marc:subfield></marc:datafield><marc:datafield tag="039" ind1=" " ind2=" "><marc:subfield code="o">OPL</marc:subfield><marc:subfield code="a">006413251</marc:subfield></marc:datafield><marc:datafield tag="090" ind1=" " ind2=" "><marc:subfield code="a">33</marc:subfield></marc:datafield><marc:datafield tag="091" ind1=" " ind2=" "><marc:subfield code="b">20180701</marc:subfield><marc:subfield code="c">1</marc:subfield><marc:subfield code="a">2</marc:subfield></marc:datafield><marc:datafield tag="099" ind1=" " ind2=" "><marc:subfield code="t">LI</marc:subfield><marc:subfield code="c">2014-06-30</marc:subfield><marc:subfield code="d">2014-06-30</marc:subfield><marc:subfield code="x">0</marc:subfield></marc:datafield><marc:datafield tag="100" ind1=" " ind2=" "><marc:subfield code="a">19840420d1986    m  y0frey50      ba</marc:subfield></marc:datafield><marc:datafield tag="101" ind1="1" ind2=" "><marc:subfield code="a">fre</marc:subfield><marc:subfield code="c">ara</marc:subfield></marc:datafield><marc:datafield tag="102" ind1=" " ind2=" "><marc:subfield code="a">FR</marc:subfield></marc:datafield><marc:datafield tag="105" ind1=" " ind2=" "><marc:subfield code="a">a   z   00|a|</marc:subfield></marc:datafield><marc:datafield tag="106" ind1=" " ind2=" "><marc:subfield code="a">r</marc:subfield></marc:datafield><marc:datafield tag="200" ind1="1" ind2=" "><marc:subfield code="a">Les mille et un rires de Dj&apos;ha</marc:subfield><marc:subfield code="b">Texte imprimé</marc:subfield><marc:subfield code="f">[textes recueillis, adapt. de l&apos;arabe et publ. par] Jeanne Delais</marc:subfield></marc:datafield><marc:datafield tag="210" ind1=" " ind2=" "><marc:subfield code="a">Paris</marc:subfield><marc:subfield code="c">l&apos;Harmattan</marc:subfield><marc:subfield code="d">1986</marc:subfield><marc:subfield code="e">52-Langres</marc:subfield><marc:subfield code="g">Impr. D. Guéniot</marc:subfield></marc:datafield><marc:datafield tag="215" ind1=" " ind2=" "><marc:subfield code="a">269 p.</marc:subfield><marc:subfield code="c">ill., couv. ill.</marc:subfield><marc:subfield code="d">22 cm</marc:subfield></marc:datafield><marc:datafield tag="225" ind1=" " ind2=" "><marc:subfield code="a">La légende des mondes</marc:subfield></marc:datafield><marc:datafield tag="300" ind1=" " ind2=" "><marc:subfield code="a">Le couv. porte en plus : &quot;Ğuḥā Ah̲ī&quot;</marc:subfield></marc:datafield><marc:datafield tag="339" ind1=" " ind2=" "><marc:subfield code="a">m</marc:subfield></marc:datafield><marc:datafield tag="410" ind1=" " ind2="0"><marc:subfield code="0">34245003</marc:subfield><marc:subfield code="t">La Légende des mondes</marc:subfield><marc:subfield code="x">0985-4215</marc:subfield><marc:subfield code="v">1</marc:subfield></marc:datafield><marc:datafield tag="600" ind1=" " ind2=" "><marc:subfield code="3">15035837</marc:subfield><marc:subfield code="9">40</marc:subfield><marc:subfield code="a">Djoha</marc:subfield><marc:subfield code="c">personnage légendaire</marc:subfield><marc:subfield code="2">rameau</marc:subfield></marc:datafield><marc:datafield tag="676" ind1=" " ind2=" "><marc:subfield code="a">398.209 61</marc:subfield><marc:subfield code="v">22</marc:subfield></marc:datafield><marc:datafield tag="686" ind1=" " ind2=" "><marc:subfield code="a">82</marc:subfield><marc:subfield code="2">Cadre de classement de la Bibliographie nationale française</marc:subfield></marc:datafield><marc:datafield tag="702" ind1=" " ind2=" "><marc:subfield code="3">12600678</marc:subfield><marc:subfield code="9">41</marc:subfield><marc:subfield code="a">Delais</marc:subfield><marc:subfield code="b">Jeanne</marc:subfield><marc:subfield code="4">340</marc:subfield></marc:datafield><marc:datafield tag="801" ind1=" " ind2="0"><marc:subfield code="a">FR</marc:subfield><marc:subfield code="b">FR-751131015</marc:subfield><marc:subfield code="c">19840420</marc:subfield><marc:subfield code="g">AFNOR</marc:subfield><marc:subfield code="h">FRBNF349755750000001</marc:subfield><marc:subfield code="2">intermrc</marc:subfield></marc:datafield><marc:datafield tag="995" ind1=" " ind2=" "><marc:subfield code="0">0</marc:subfield><marc:subfield code="2">0</marc:subfield><marc:subfield code="4">0</marc:subfield><marc:subfield code="5">2005-03-22</marc:subfield><marc:subfield code="9">73</marc:subfield><marc:subfield code="P">20.58</marc:subfield><marc:subfield code="b">MED</marc:subfield><marc:subfield code="c">MED</marc:subfield><marc:subfield code="e">MED3E</marc:subfield><marc:subfield code="f">C0001727134</marc:subfield><marc:subfield code="h">AZZMAZZ</marc:subfield><marc:subfield code="k">Mag. in-8/42 997</marc:subfield><marc:subfield code="o">0</marc:subfield><marc:subfield code="p">20.58</marc:subfield><marc:subfield code="r">PRETLIV</marc:subfield><marc:subfield code="s">MAG___IN842_997_00000000000000</marc:subfield><marc:subfield code="w">17</marc:subfield><marc:subfield code="y">2014-06-30</marc:subfield></marc:datafield></marc:record>