<marc:record><marc:leader>01644cam  2200349   4500</marc:leader><marc:controlfield tag="001">35</marc:controlfield><marc:controlfield tag="003">http://www.mediathequederoubaix.fr/ark:/20179/KH35</marc:controlfield><marc:datafield tag="010" ind1=" " ind2=" "><marc:subfield code="a">2-7320-3196-8</marc:subfield><marc:subfield code="d">12.50 EUR.</marc:subfield></marc:datafield><marc:datafield tag="020" ind1=" " ind2=" "><marc:subfield code="a">FR</marc:subfield><marc:subfield code="b">09022378</marc:subfield></marc:datafield><marc:datafield tag="021" ind1=" " ind2=" "><marc:subfield code="a">FR</marc:subfield><marc:subfield code="b">DL 90-12975</marc:subfield></marc:datafield><marc:datafield tag="033" ind1=" " ind2=" "><marc:subfield code="a">http://catalogue.bnf.fr/ark:/12148/cb350844839</marc:subfield></marc:datafield><marc:datafield tag="035" ind1=" " ind2=" "><marc:subfield code="a">FRBNF350844830000004</marc:subfield></marc:datafield><marc:datafield tag="039" ind1=" " ind2=" "><marc:subfield code="o">OPL</marc:subfield><marc:subfield code="a">008076523</marc:subfield></marc:datafield><marc:datafield tag="090" ind1=" " ind2=" "><marc:subfield code="a">35</marc:subfield></marc:datafield><marc:datafield tag="091" ind1=" " ind2=" "><marc:subfield code="b">20180701</marc:subfield><marc:subfield code="c">1</marc:subfield><marc:subfield code="a">2</marc:subfield></marc:datafield><marc:datafield tag="099" ind1=" " ind2=" "><marc:subfield code="t">LI</marc:subfield><marc:subfield code="c">2014-06-30</marc:subfield><marc:subfield code="d">2014-06-30</marc:subfield><marc:subfield code="x">8</marc:subfield></marc:datafield><marc:datafield tag="100" ind1=" " ind2=" "><marc:subfield code="a">19900704d1990    a  y0frey50      ba</marc:subfield></marc:datafield><marc:datafield tag="101" ind1="0" ind2=" "><marc:subfield code="a">fre</marc:subfield></marc:datafield><marc:datafield tag="102" ind1=" " ind2=" "><marc:subfield code="a">FR</marc:subfield></marc:datafield><marc:datafield tag="105" ind1=" " ind2=" "><marc:subfield code="a">a   z   00|a|</marc:subfield></marc:datafield><marc:datafield tag="106" ind1=" " ind2=" "><marc:subfield code="a">r</marc:subfield></marc:datafield><marc:datafield tag="200" ind1="1" ind2=" "><marc:subfield code="a">Le Brochet</marc:subfield><marc:subfield code="b">Texte imprimé</marc:subfield><marc:subfield code="e">conte populaire russe</marc:subfield><marc:subfield code="f">Arnica Esterl</marc:subfield><marc:subfield code="g">Gennadij Spirin</marc:subfield></marc:datafield><marc:datafield tag="210" ind1=" " ind2=" "><marc:subfield code="a">Paris</marc:subfield><marc:subfield code="c">Éd. du Sorbier</marc:subfield><marc:subfield code="d">1990</marc:subfield><marc:subfield code="e">Impr. en Belgique</marc:subfield></marc:datafield><marc:datafield tag="215" ind1=" " ind2=" "><marc:subfield code="a">29 p.</marc:subfield><marc:subfield code="c">ill. en coul., couv. ill. en coul.</marc:subfield><marc:subfield code="d">32 cm</marc:subfield></marc:datafield><marc:datafield tag="339" ind1=" " ind2=" "><marc:subfield code="a">a</marc:subfield></marc:datafield><marc:datafield tag="686" ind1=" " ind2=" "><marc:subfield code="a">823</marc:subfield><marc:subfield code="2">Cadre de classement de la Bibliographie nationale française</marc:subfield></marc:datafield><marc:datafield tag="700" ind1=" " ind2=" "><marc:subfield code="3">12152829</marc:subfield><marc:subfield code="9">46</marc:subfield><marc:subfield code="o">ISNI0000000116515904</marc:subfield><marc:subfield code="a">Esterl</marc:subfield><marc:subfield code="b">Arnica</marc:subfield><marc:subfield code="f">1933-....</marc:subfield><marc:subfield code="4">070</marc:subfield></marc:datafield><marc:datafield tag="702" ind1=" " ind2=" "><marc:subfield code="3">12064587</marc:subfield><marc:subfield code="9">47</marc:subfield><marc:subfield code="o">ISNI0000000081610724</marc:subfield><marc:subfield code="a">Spirin</marc:subfield><marc:subfield code="b">Gennadij K.</marc:subfield><marc:subfield code="f">1948-....</marc:subfield><marc:subfield code="4">440</marc:subfield></marc:datafield><marc:datafield tag="801" ind1=" " ind2="0"><marc:subfield code="a">FR</marc:subfield><marc:subfield code="b">FR-751131015</marc:subfield><marc:subfield code="c">19900704</marc:subfield><marc:subfield code="g">AFNOR</marc:subfield><marc:subfield code="h">FRBNF350844830000004</marc:subfield><marc:subfield code="2">intermrc</marc:subfield></marc:datafield><marc:datafield tag="995" ind1=" " ind2=" "><marc:subfield code="0">0</marc:subfield><marc:subfield code="2">0</marc:subfield><marc:subfield code="4">0</marc:subfield><marc:subfield code="5">2005-10-12</marc:subfield><marc:subfield code="9">77</marc:subfield><marc:subfield code="P">12.00</marc:subfield><marc:subfield code="b">MED</marc:subfield><marc:subfield code="c">MED</marc:subfield><marc:subfield code="e">MED0A</marc:subfield><marc:subfield code="f">C0003945364</marc:subfield><marc:subfield code="h">JABEFAE</marc:subfield><marc:subfield code="k">EXT E C/EST</marc:subfield><marc:subfield code="n">2019-07-02</marc:subfield><marc:subfield code="o">0</marc:subfield><marc:subfield code="p">12.00</marc:subfield><marc:subfield code="r">PRETLIV</marc:subfield><marc:subfield code="s">EXT_E_CEST</marc:subfield><marc:subfield code="w">10</marc:subfield><marc:subfield code="y">2018-09-11</marc:subfield><marc:subfield code="7">Bateau Livre</marc:subfield></marc:datafield><marc:datafield tag="995" ind1=" " ind2=" "><marc:subfield code="0">0</marc:subfield><marc:subfield code="2">0</marc:subfield><marc:subfield code="4">0</marc:subfield><marc:subfield code="5">2005-03-22</marc:subfield><marc:subfield code="9">78</marc:subfield><marc:subfield code="P">13.11</marc:subfield><marc:subfield code="b">MED</marc:subfield><marc:subfield code="c">MED</marc:subfield><marc:subfield code="e">MED0A</marc:subfield><marc:subfield code="f">C0001244495</marc:subfield><marc:subfield code="h">JABEFAE</marc:subfield><marc:subfield code="k">EXT E C/EST</marc:subfield><marc:subfield code="n">2019-07-06</marc:subfield><marc:subfield code="o">0</marc:subfield><marc:subfield code="p">13.11</marc:subfield><marc:subfield code="r">PRETLIV</marc:subfield><marc:subfield code="s">EXT_E_CEST</marc:subfield><marc:subfield code="w">23</marc:subfield><marc:subfield code="y">2018-09-29</marc:subfield></marc:datafield><marc:datafield tag="995" ind1=" " ind2=" "><marc:subfield code="0">0</marc:subfield><marc:subfield code="2">0</marc:subfield><marc:subfield code="4">0</marc:subfield><marc:subfield code="5">2005-10-12</marc:subfield><marc:subfield code="9">79</marc:subfield><marc:subfield code="P">12.00</marc:subfield><marc:subfield code="b">MED</marc:subfield><marc:subfield code="c">MED</marc:subfield><marc:subfield code="e">MED0A</marc:subfield><marc:subfield code="f">C0003946077</marc:subfield><marc:subfield code="h">JABCTEF</marc:subfield><marc:subfield code="k">EXT E C/EST</marc:subfield><marc:subfield code="o">0</marc:subfield><marc:subfield code="p">12.00</marc:subfield><marc:subfield code="r">PRETLIV</marc:subfield><marc:subfield code="s">EXT_E_CEST</marc:subfield><marc:subfield code="w">10</marc:subfield><marc:subfield code="y">2017-08-01</marc:subfield><marc:subfield code="7">Bateau Livre</marc:subfield></marc:datafield></marc:record>