<marc:record><marc:leader>01572cam  2200373   4500</marc:leader><marc:controlfield tag="001">36</marc:controlfield><marc:controlfield tag="003">http://www.mediathequederoubaix.fr/ark:/20179/KH36</marc:controlfield><marc:datafield tag="010" ind1=" " ind2=" "><marc:subfield code="a">2-218-07712-4</marc:subfield><marc:subfield code="d">14.94 EUR.</marc:subfield></marc:datafield><marc:datafield tag="020" ind1=" " ind2=" "><marc:subfield code="a">FR</marc:subfield><marc:subfield code="b">08810292</marc:subfield></marc:datafield><marc:datafield tag="021" ind1=" " ind2=" "><marc:subfield code="a">FR</marc:subfield><marc:subfield code="b">DL 86-37528</marc:subfield></marc:datafield><marc:datafield tag="033" ind1=" " ind2=" "><marc:subfield code="a">http://catalogue.bnf.fr/ark:/12148/cb349772810</marc:subfield></marc:datafield><marc:datafield tag="035" ind1=" " ind2=" "><marc:subfield code="a">FRBNF349772810000001</marc:subfield></marc:datafield><marc:datafield tag="039" ind1=" " ind2=" "><marc:subfield code="o">OPL</marc:subfield><marc:subfield code="a">006433357</marc:subfield></marc:datafield><marc:datafield tag="090" ind1=" " ind2=" "><marc:subfield code="a">36</marc:subfield></marc:datafield><marc:datafield tag="091" ind1=" " ind2=" "><marc:subfield code="b">20180701</marc:subfield><marc:subfield code="c">1</marc:subfield><marc:subfield code="a">2</marc:subfield></marc:datafield><marc:datafield tag="099" ind1=" " ind2=" "><marc:subfield code="t">LI</marc:subfield><marc:subfield code="c">2014-06-30</marc:subfield><marc:subfield code="d">2014-06-30</marc:subfield><marc:subfield code="x">2</marc:subfield></marc:datafield><marc:datafield tag="100" ind1=" " ind2=" "><marc:subfield code="a">19840420d1986    a  y0frey50      ba</marc:subfield></marc:datafield><marc:datafield tag="101" ind1="1" ind2=" "><marc:subfield code="a">fre</marc:subfield><marc:subfield code="c">ber</marc:subfield></marc:datafield><marc:datafield tag="102" ind1=" " ind2=" "><marc:subfield code="a">FR</marc:subfield></marc:datafield><marc:datafield tag="105" ind1=" " ind2=" "><marc:subfield code="a">a   z   00|a|</marc:subfield></marc:datafield><marc:datafield tag="106" ind1=" " ind2=" "><marc:subfield code="a">r</marc:subfield></marc:datafield><marc:datafield tag="200" ind1="1" ind2=" "><marc:subfield code="a">La Teryel et le cheval rouge</marc:subfield><marc:subfield code="b">Texte imprimé</marc:subfield><marc:subfield code="e">contes berbères</marc:subfield><marc:subfield code="f">José Féron</marc:subfield><marc:subfield code="g">ill. de Philippe Caron</marc:subfield></marc:datafield><marc:datafield tag="210" ind1=" " ind2=" "><marc:subfield code="a">Paris</marc:subfield><marc:subfield code="c">Hatier</marc:subfield><marc:subfield code="d">1986</marc:subfield><marc:subfield code="e">92-Bagneux</marc:subfield><marc:subfield code="g">Impr. Bouchy</marc:subfield></marc:datafield><marc:datafield tag="215" ind1=" " ind2=" "><marc:subfield code="a">135 p.</marc:subfield><marc:subfield code="c">ill. en coul., couv. ill. en coul.</marc:subfield><marc:subfield code="d">25 cm</marc:subfield></marc:datafield><marc:datafield tag="225" ind1=" " ind2=" "><marc:subfield code="a">Fées et gestes</marc:subfield><marc:subfield code="x">0758-5918</marc:subfield></marc:datafield><marc:datafield tag="339" ind1=" " ind2=" "><marc:subfield code="a">a</marc:subfield></marc:datafield><marc:datafield tag="410" ind1=" " ind2="0"><marc:subfield code="0">34233221</marc:subfield><marc:subfield code="t">Fées et gestes</marc:subfield><marc:subfield code="x">0758-5918</marc:subfield><marc:subfield code="v">2</marc:subfield></marc:datafield><marc:datafield tag="609" ind1="0" ind2=" "><marc:subfield code="a">Contes africains</marc:subfield><marc:subfield code="y">Afrique du Nord</marc:subfield><marc:subfield code="x">Ouvrages pour la jeunesse</marc:subfield><marc:subfield code="2">rameau</marc:subfield></marc:datafield><marc:datafield tag="609" ind1="0" ind2=" "><marc:subfield code="a">Contes berbères</marc:subfield><marc:subfield code="x">Ouvrages pour la jeunesse</marc:subfield><marc:subfield code="2">rameau</marc:subfield></marc:datafield><marc:datafield tag="686" ind1=" " ind2=" "><marc:subfield code="a">82 </marc:subfield><marc:subfield code="2">Cadre de classement de la Bibliographie nationale française</marc:subfield></marc:datafield><marc:datafield tag="700" ind1=" " ind2=" "><marc:subfield code="3">11902591</marc:subfield><marc:subfield code="9">48</marc:subfield><marc:subfield code="o">ISNI0000000083570893</marc:subfield><marc:subfield code="a">Féron Romano</marc:subfield><marc:subfield code="b">José</marc:subfield><marc:subfield code="f">1940-....</marc:subfield><marc:subfield code="4">070</marc:subfield></marc:datafield><marc:datafield tag="702" ind1=" " ind2=" "><marc:subfield code="3">12069893</marc:subfield><marc:subfield code="9">272936</marc:subfield><marc:subfield code="o">ISNI0000000398569969</marc:subfield><marc:subfield code="a">Caron</marc:subfield><marc:subfield code="b">Philippe</marc:subfield><marc:subfield code="f">1944-....</marc:subfield><marc:subfield code="4">440</marc:subfield></marc:datafield><marc:datafield tag="801" ind1=" " ind2="0"><marc:subfield code="a">FR</marc:subfield><marc:subfield code="b">FR-751131015</marc:subfield><marc:subfield code="c">19840420</marc:subfield><marc:subfield code="g">AFNOR</marc:subfield><marc:subfield code="h">FRBNF349772810000001</marc:subfield><marc:subfield code="2">intermrc</marc:subfield></marc:datafield><marc:datafield tag="995" ind1=" " ind2=" "><marc:subfield code="0">0</marc:subfield><marc:subfield code="2">0</marc:subfield><marc:subfield code="4">0</marc:subfield><marc:subfield code="5">2005-03-22</marc:subfield><marc:subfield code="9">80</marc:subfield><marc:subfield code="P">14.94</marc:subfield><marc:subfield code="b">MED</marc:subfield><marc:subfield code="c">MED</marc:subfield><marc:subfield code="e">MED2A</marc:subfield><marc:subfield code="f">C0000242018</marc:subfield><marc:subfield code="h">JABCTEF</marc:subfield><marc:subfield code="k">E C/FER</marc:subfield><marc:subfield code="o">0</marc:subfield><marc:subfield code="p">14.94</marc:subfield><marc:subfield code="r">PRETLIV</marc:subfield><marc:subfield code="s">E_CFER</marc:subfield><marc:subfield code="w">5</marc:subfield><marc:subfield code="y">2018-02-22</marc:subfield></marc:datafield></marc:record>