<marc:record><marc:leader>01265nam a2200301   4500</marc:leader><marc:controlfield tag="001">39</marc:controlfield><marc:controlfield tag="003">http://www.mediathequederoubaix.fr/ark:/20179/KH39</marc:controlfield><marc:controlfield tag="005">20180719171459.0</marc:controlfield><marc:datafield tag="010" ind1=" " ind2=" "><marc:subfield code="a">2-903644-14-4</marc:subfield><marc:subfield code="d">8.23 EUR.</marc:subfield></marc:datafield><marc:datafield tag="033" ind1=" " ind2=" "><marc:subfield code="a">http://catalogue.bnf.fr/ark:/12148/cb34744570g</marc:subfield></marc:datafield><marc:datafield tag="035" ind1="0" ind2="0"><marc:subfield code="a">HZ_RBX103</marc:subfield></marc:datafield><marc:datafield tag="090" ind1=" " ind2=" "><marc:subfield code="a">39</marc:subfield></marc:datafield><marc:datafield tag="091" ind1=" " ind2=" "><marc:subfield code="a">0</marc:subfield></marc:datafield><marc:datafield tag="099" ind1=" " ind2=" "><marc:subfield code="t">LI</marc:subfield><marc:subfield code="c">2014-06-30</marc:subfield><marc:subfield code="d">2014-06-30</marc:subfield><marc:subfield code="x">0</marc:subfield></marc:datafield><marc:datafield tag="100" ind1=" " ind2=" "><marc:subfield code="a">19840420d1983    a  y0frey5003    ba</marc:subfield></marc:datafield><marc:datafield tag="101" ind1=" " ind2=" "><marc:subfield code="a">fre</marc:subfield></marc:datafield><marc:datafield tag="200" ind1=" " ind2=" "><marc:subfield code="a">Le Petit polichinelle de chiffon</marc:subfield><marc:subfield code="f">Michael Ende</marc:subfield><marc:subfield code="g">ill. de Roswitha Quadflieg</marc:subfield><marc:subfield code="g">[trad. par I. Redaud et C. Villetet]</marc:subfield></marc:datafield><marc:datafield tag="210" ind1=" " ind2=" "><marc:subfield code="a">[Troyes]</marc:subfield><marc:subfield code="c">Devenir</marc:subfield><marc:subfield code="d">[1983]</marc:subfield></marc:datafield><marc:datafield tag="215" ind1=" " ind2=" "><marc:subfield code="a">[27] p.</marc:subfield><marc:subfield code="c">ill. en coul., couv. ill. en coul.</marc:subfield><marc:subfield code="d">21 x 24 cm</marc:subfield></marc:datafield><marc:datafield tag="339" ind1=" " ind2=" "><marc:subfield code="a">m</marc:subfield></marc:datafield><marc:datafield tag="600" ind1=" " ind2=" "><marc:subfield code="9">145826</marc:subfield><marc:subfield code="a">Polichinelle (personnage fictif)</marc:subfield></marc:datafield><marc:datafield tag="702" ind1="0" ind2=" "><marc:subfield code="9">278980</marc:subfield><marc:subfield code="a">Quadflieg</marc:subfield><marc:subfield code="b">Roswitha</marc:subfield><marc:subfield code="f">1949-....</marc:subfield><marc:subfield code="4">440</marc:subfield></marc:datafield><marc:datafield tag="702" ind1="0" ind2=" "><marc:subfield code="9">278981</marc:subfield><marc:subfield code="a">Redaud</marc:subfield><marc:subfield code="b">Isabelle</marc:subfield><marc:subfield code="4">730</marc:subfield></marc:datafield><marc:datafield tag="702" ind1="0" ind2=" "><marc:subfield code="9">278982</marc:subfield><marc:subfield code="a">Villetet</marc:subfield><marc:subfield code="b">Claudine</marc:subfield><marc:subfield code="f">1952-....</marc:subfield><marc:subfield code="4">730</marc:subfield></marc:datafield><marc:datafield tag="700" ind1="0" ind2=" "><marc:subfield code="9">71284</marc:subfield><marc:subfield code="7">ba0yba0y</marc:subfield><marc:subfield code="8">fre   </marc:subfield><marc:subfield code="a">Ende</marc:subfield><marc:subfield code="b">Michael</marc:subfield><marc:subfield code="f">1929-1995</marc:subfield></marc:datafield><marc:datafield tag="801" ind1=" " ind2="0"><marc:subfield code="a">FR</marc:subfield><marc:subfield code="b">595126101</marc:subfield><marc:subfield code="c">20091104</marc:subfield><marc:subfield code="g">AFNOR</marc:subfield></marc:datafield><marc:datafield tag="930" ind1=" " ind2=" "><marc:subfield code="5">595126101:C0001767817</marc:subfield><marc:subfield code="b">595126101</marc:subfield><marc:subfield code="a">MAG L/P 8/105 998</marc:subfield><marc:subfield code="e">Fonds patrimonial</marc:subfield></marc:datafield><marc:datafield tag="995" ind1=" " ind2=" "><marc:subfield code="0">0</marc:subfield><marc:subfield code="2">0</marc:subfield><marc:subfield code="4">0</marc:subfield><marc:subfield code="5">2005-03-22</marc:subfield><marc:subfield code="9">93</marc:subfield><marc:subfield code="P">8.23</marc:subfield><marc:subfield code="b">MED</marc:subfield><marc:subfield code="c">MED</marc:subfield><marc:subfield code="e">MED3I</marc:subfield><marc:subfield code="f">C0001767817</marc:subfield><marc:subfield code="h">PPEFGZZ</marc:subfield><marc:subfield code="k">MAG L/P 8/105 998</marc:subfield><marc:subfield code="o">2</marc:subfield><marc:subfield code="p">8.23</marc:subfield><marc:subfield code="r">PRETLIV</marc:subfield><marc:subfield code="s">MAG_LP_8105_998000000000000</marc:subfield><marc:subfield code="y">2014-06-30</marc:subfield></marc:datafield></marc:record>