<marc:record><marc:leader>02121nmm  2200505   4500</marc:leader><marc:controlfield tag="001">40</marc:controlfield><marc:controlfield tag="003">http://www.mediathequederoubaix.fr/ark:/20179/KH40</marc:controlfield><marc:datafield tag="010" ind1=" " ind2=" "><marc:subfield code="a">2-07-033451-1</marc:subfield><marc:subfield code="d">3.20 EUR.</marc:subfield></marc:datafield><marc:datafield tag="021" ind1=" " ind2=" "><marc:subfield code="a">FR</marc:subfield><marc:subfield code="b">DM 9100154</marc:subfield></marc:datafield><marc:datafield tag="033" ind1=" " ind2=" "><marc:subfield code="a">http://catalogue.bnf.fr/ark:/12148/cb38209218m</marc:subfield></marc:datafield><marc:datafield tag="035" ind1=" " ind2=" "><marc:subfield code="a">FRBNF38209218000000X</marc:subfield></marc:datafield><marc:datafield tag="039" ind1=" " ind2=" "><marc:subfield code="o">OPC</marc:subfield><marc:subfield code="a">001212680</marc:subfield></marc:datafield><marc:datafield tag="071" ind1="0" ind2="1"><marc:subfield code="b">Gallimard jeunesse</marc:subfield><marc:subfield code="a">GJ009</marc:subfield><marc:subfield code="c">Coffret</marc:subfield></marc:datafield><marc:datafield tag="073" ind1=" " ind2="0"><marc:subfield code="a">9782070322169</marc:subfield></marc:datafield><marc:datafield tag="090" ind1=" " ind2=" "><marc:subfield code="a">40</marc:subfield></marc:datafield><marc:datafield tag="091" ind1=" " ind2=" "><marc:subfield code="b">20180701</marc:subfield><marc:subfield code="c">1</marc:subfield><marc:subfield code="a">2</marc:subfield></marc:datafield><marc:datafield tag="099" ind1=" " ind2=" "><marc:subfield code="t">LI</marc:subfield><marc:subfield code="c">2014-06-30</marc:subfield><marc:subfield code="d">2014-06-30</marc:subfield><marc:subfield code="x">7</marc:subfield></marc:datafield><marc:datafield tag="100" ind1=" " ind2=" "><marc:subfield code="a">19920410d1988    a  y0frey50      ba</marc:subfield></marc:datafield><marc:datafield tag="101" ind1="0" ind2=" "><marc:subfield code="a">fre</marc:subfield></marc:datafield><marc:datafield tag="102" ind1=" " ind2=" "><marc:subfield code="a">FR</marc:subfield></marc:datafield><marc:datafield tag="105" ind1=" " ind2=" "><marc:subfield code="a">a   z   000a|</marc:subfield></marc:datafield><marc:datafield tag="106" ind1=" " ind2=" "><marc:subfield code="a">r</marc:subfield></marc:datafield><marc:datafield tag="126" ind1=" " ind2=" "><marc:subfield code="a">ckuxjfb||||||zu</marc:subfield><marc:subfield code="b">blx</marc:subfield></marc:datafield><marc:datafield tag="200" ind1="1" ind2=" "><marc:subfield code="a">Le Gentil petit diable (24 min 56 s)</marc:subfield><marc:subfield code="b">Multimédia multisupport</marc:subfield><marc:subfield code="e">et autres contes de la rue Broca</marc:subfield><marc:subfield code="f">Pierre Gripari, aut</marc:subfield><marc:subfield code="g">Puig Rosado, ill</marc:subfield><marc:subfield code="g">François Rauber, mus</marc:subfield><marc:subfield code="g">lu par Pierre Gripari</marc:subfield></marc:datafield><marc:datafield tag="205" ind1=" " ind2=" "><marc:subfield code="a">Edition spéciale</marc:subfield></marc:datafield><marc:datafield tag="210" ind1=" " ind2=" "><marc:subfield code="a">[Paris]</marc:subfield><marc:subfield code="c">[Gallimard]</marc:subfield><marc:subfield code="a">[Lagny-Sur-Marne]</marc:subfield><marc:subfield code="c">[distrib. Société de distribution des produits de l&apos;édition]</marc:subfield><marc:subfield code="d">[1988 (cop)]</marc:subfield></marc:datafield><marc:datafield tag="215" ind1=" " ind2=" "><marc:subfield code="a">1 livre 157 p</marc:subfield><marc:subfield code="c">ill en noir et blanc, couv ill en coul</marc:subfield><marc:subfield code="d">18 cm</marc:subfield></marc:datafield><marc:datafield tag="215" ind1=" " ind2=" "><marc:subfield code="a">1 cass audio</marc:subfield></marc:datafield><marc:datafield tag="225" ind1=" " ind2=" "><marc:subfield code="a">Folio junior</marc:subfield></marc:datafield><marc:datafield tag="300" ind1=" " ind2=" "><marc:subfield code="a">Le livre porte le n °451 dans la collection Folio</marc:subfield></marc:datafield><marc:datafield tag="300" ind1=" " ind2=" "><marc:subfield code="a">P 1984</marc:subfield></marc:datafield><marc:datafield tag="300" ind1=" " ind2=" "><marc:subfield code="a">Cop. 1988</marc:subfield></marc:datafield><marc:datafield tag="339" ind1=" " ind2=" "><marc:subfield code="a">a</marc:subfield></marc:datafield><marc:datafield tag="410" ind1=" " ind2="0"><marc:subfield code="0">38196848</marc:subfield><marc:subfield code="t">Collection Folio junior</marc:subfield><marc:subfield code="x">0153-0593</marc:subfield><marc:subfield code="v">124</marc:subfield></marc:datafield><marc:datafield tag="608" ind1=" " ind2=" "><marc:subfield code="a">fiction</marc:subfield><marc:subfield code="2">frTAV</marc:subfield></marc:datafield><marc:datafield tag="608" ind1=" " ind2=" "><marc:subfield code="a">œuvre d&apos;origine : conte, nouvelle, récit</marc:subfield><marc:subfield code="2">frTAV</marc:subfield></marc:datafield><marc:datafield tag="700" ind1=" " ind2=" "><marc:subfield code="3">11905940</marc:subfield><marc:subfield code="9">54</marc:subfield><marc:subfield code="a">Gripari</marc:subfield><marc:subfield code="b">Pierre</marc:subfield><marc:subfield code="f">1925-1990</marc:subfield><marc:subfield code="4">070</marc:subfield></marc:datafield><marc:datafield tag="702" ind1=" " ind2=" "><marc:subfield code="3">11920774</marc:subfield><marc:subfield code="9">12082</marc:subfield><marc:subfield code="a">Puig Rosado</marc:subfield><marc:subfield code="b">Fernando</marc:subfield><marc:subfield code="f">1931-....</marc:subfield><marc:subfield code="4">440</marc:subfield></marc:datafield><marc:datafield tag="702" ind1=" " ind2=" "><marc:subfield code="3">13898834</marc:subfield><marc:subfield code="9">2512</marc:subfield><marc:subfield code="a">Rauber</marc:subfield><marc:subfield code="b">François</marc:subfield><marc:subfield code="f">1933-2003</marc:subfield><marc:subfield code="4">230</marc:subfield></marc:datafield><marc:datafield tag="702" ind1=" " ind2=" "><marc:subfield code="3">11905940</marc:subfield><marc:subfield code="9">54</marc:subfield><marc:subfield code="a">Gripari</marc:subfield><marc:subfield code="b">Pierre</marc:subfield><marc:subfield code="f">1925-1990</marc:subfield><marc:subfield code="4">550</marc:subfield><marc:subfield code="4">vre</marc:subfield></marc:datafield><marc:datafield tag="712" ind1="0" ind2="2"><marc:subfield code="3">12864072</marc:subfield><marc:subfield code="9">19200</marc:subfield><marc:subfield code="a">Gallimard</marc:subfield><marc:subfield code="4">650</marc:subfield></marc:datafield><marc:datafield tag="712" ind1="0" ind2="2"><marc:subfield code="3">13886699</marc:subfield><marc:subfield code="a">Société de distribution des produits de l&apos;édition</marc:subfield><marc:subfield code="4">310</marc:subfield></marc:datafield><marc:datafield tag="716" ind1=" " ind2=" "><marc:subfield code="3">13928367</marc:subfield><marc:subfield code="a">Gallimard Jeunesse</marc:subfield></marc:datafield><marc:datafield tag="801" ind1=" " ind2="0"><marc:subfield code="a">FR</marc:subfield><marc:subfield code="b">FR-751131015</marc:subfield><marc:subfield code="c">19920410</marc:subfield><marc:subfield code="g">AFNOR</marc:subfield><marc:subfield code="h">FRBNF38209218000000X</marc:subfield><marc:subfield code="2">intermrc</marc:subfield></marc:datafield><marc:datafield tag="995" ind1=" " ind2=" "><marc:subfield code="0">0</marc:subfield><marc:subfield code="2">0</marc:subfield><marc:subfield code="4">0</marc:subfield><marc:subfield code="5">2005-03-22</marc:subfield><marc:subfield code="9">94</marc:subfield><marc:subfield code="P">3.43</marc:subfield><marc:subfield code="b">MED</marc:subfield><marc:subfield code="c">MED</marc:subfield><marc:subfield code="e">MED2A</marc:subfield><marc:subfield code="f">C0003129706</marc:subfield><marc:subfield code="h">JABCTEF</marc:subfield><marc:subfield code="k">E C/GRI</marc:subfield><marc:subfield code="o">0</marc:subfield><marc:subfield code="p">3.43</marc:subfield><marc:subfield code="r">PRETLIV</marc:subfield><marc:subfield code="s">E_CGRI</marc:subfield><marc:subfield code="w">35</marc:subfield><marc:subfield code="y">2018-02-17</marc:subfield></marc:datafield></marc:record>