<marc:record><marc:leader>02189nam  2200433   4500</marc:leader><marc:controlfield tag="001">41</marc:controlfield><marc:controlfield tag="003">http://www.mediathequederoubaix.fr/ark:/20179/KH41</marc:controlfield><marc:datafield tag="010" ind1=" " ind2=" "><marc:subfield code="a">2-246-32131-X</marc:subfield><marc:subfield code="d">6.86 EUR.</marc:subfield></marc:datafield><marc:datafield tag="020" ind1=" " ind2=" "><marc:subfield code="a">FR</marc:subfield><marc:subfield code="b">08403129</marc:subfield></marc:datafield><marc:datafield tag="021" ind1=" " ind2=" "><marc:subfield code="a">FR</marc:subfield><marc:subfield code="b">DL 83-27145</marc:subfield></marc:datafield><marc:datafield tag="033" ind1=" " ind2=" "><marc:subfield code="a">http://catalogue.bnf.fr/ark:/12148/cb34726675j</marc:subfield></marc:datafield><marc:datafield tag="035" ind1=" " ind2=" "><marc:subfield code="a">FRBNF347266750000008</marc:subfield></marc:datafield><marc:datafield tag="039" ind1=" " ind2=" "><marc:subfield code="o">OPL</marc:subfield><marc:subfield code="a">002029004</marc:subfield></marc:datafield><marc:datafield tag="090" ind1=" " ind2=" "><marc:subfield code="a">41</marc:subfield></marc:datafield><marc:datafield tag="091" ind1=" " ind2=" "><marc:subfield code="b">20180701</marc:subfield><marc:subfield code="c">1</marc:subfield><marc:subfield code="a">2</marc:subfield></marc:datafield><marc:datafield tag="099" ind1=" " ind2=" "><marc:subfield code="t">LI</marc:subfield><marc:subfield code="c">2014-06-30</marc:subfield><marc:subfield code="d">2014-06-30</marc:subfield><marc:subfield code="x">3</marc:subfield></marc:datafield><marc:datafield tag="100" ind1=" " ind2=" "><marc:subfield code="a">19840123d1983    a  y0frey50      ba</marc:subfield></marc:datafield><marc:datafield tag="101" ind1="1" ind2=" "><marc:subfield code="a">fre</marc:subfield><marc:subfield code="c">ger</marc:subfield></marc:datafield><marc:datafield tag="102" ind1=" " ind2=" "><marc:subfield code="a">FR</marc:subfield></marc:datafield><marc:datafield tag="105" ind1=" " ind2=" "><marc:subfield code="a">a   z   00|a|</marc:subfield></marc:datafield><marc:datafield tag="106" ind1=" " ind2=" "><marc:subfield code="a">r</marc:subfield></marc:datafield><marc:datafield tag="200" ind1="1" ind2=" "><marc:subfield code="a">Le Pêcheur et sa femme</marc:subfield><marc:subfield code="b">Texte imprimé</marc:subfield><marc:subfield code="f">Jakob et Wilhelm Grimm</marc:subfield><marc:subfield code="g">illustré par John Howe ; [traduit par Armel Guerne]</marc:subfield></marc:datafield><marc:datafield tag="210" ind1=" " ind2=" "><marc:subfield code="a">Paris</marc:subfield><marc:subfield code="c">Grasset</marc:subfield><marc:subfield code="d">1983</marc:subfield><marc:subfield code="e">impr. en Suisse</marc:subfield></marc:datafield><marc:datafield tag="215" ind1=" " ind2=" "><marc:subfield code="a">[32] p.</marc:subfield><marc:subfield code="c">ill. en coul., couv. ill. en coul.</marc:subfield><marc:subfield code="d">22 cm</marc:subfield></marc:datafield><marc:datafield tag="225" ind1=" " ind2=" "><marc:subfield code="a">Grasset-Monsieur Chat</marc:subfield></marc:datafield><marc:datafield tag="339" ind1=" " ind2=" "><marc:subfield code="a">a</marc:subfield></marc:datafield><marc:datafield tag="410" ind1=" " ind2="0"><marc:subfield code="0">34238438</marc:subfield><marc:subfield code="t">Monsieur Chat (Paris. 1983)</marc:subfield><marc:subfield code="x">0760-3290</marc:subfield><marc:subfield code="v">6</marc:subfield></marc:datafield><marc:datafield tag="454" ind1=" " ind2="1"><marc:subfield code="t">Märchen</marc:subfield></marc:datafield><marc:datafield tag="686" ind1=" " ind2=" "><marc:subfield code="a">83 </marc:subfield><marc:subfield code="2">Cadre de classement de la Bibliographie nationale française</marc:subfield></marc:datafield><marc:datafield tag="700" ind1=" " ind2=" "><marc:subfield code="3">11905931</marc:subfield><marc:subfield code="9">51</marc:subfield><marc:subfield code="o">ISNI0000000121003890</marc:subfield><marc:subfield code="a">Grimm</marc:subfield><marc:subfield code="b">Jacob</marc:subfield><marc:subfield code="f">1785-1863</marc:subfield><marc:subfield code="4">070</marc:subfield></marc:datafield><marc:datafield tag="701" ind1=" " ind2=" "><marc:subfield code="3">11905932</marc:subfield><marc:subfield code="9">52</marc:subfield><marc:subfield code="o">ISNI0000000122768043</marc:subfield><marc:subfield code="a">Grimm</marc:subfield><marc:subfield code="b">Wilhelm</marc:subfield><marc:subfield code="f">1786-1859</marc:subfield><marc:subfield code="4">070</marc:subfield></marc:datafield><marc:datafield tag="702" ind1=" " ind2=" "><marc:subfield code="3">11907836</marc:subfield><marc:subfield code="9">23</marc:subfield><marc:subfield code="o">ISNI0000000110759625</marc:subfield><marc:subfield code="a">Howe</marc:subfield><marc:subfield code="b">John</marc:subfield><marc:subfield code="f">1957-....</marc:subfield><marc:subfield code="4">440</marc:subfield></marc:datafield><marc:datafield tag="702" ind1=" " ind2=" "><marc:subfield code="3">11906183</marc:subfield><marc:subfield code="9">53</marc:subfield><marc:subfield code="o">ISNI0000000121347810</marc:subfield><marc:subfield code="a">Guerne</marc:subfield><marc:subfield code="b">Armel</marc:subfield><marc:subfield code="f">1911-1980</marc:subfield><marc:subfield code="4">570</marc:subfield></marc:datafield><marc:datafield tag="801" ind1=" " ind2="0"><marc:subfield code="a">FR</marc:subfield><marc:subfield code="b">FR-751131015</marc:subfield><marc:subfield code="c">19840123</marc:subfield><marc:subfield code="g">AFNOR</marc:subfield><marc:subfield code="h">FRBNF347266750000008</marc:subfield><marc:subfield code="2">intermrc</marc:subfield></marc:datafield><marc:datafield tag="995" ind1=" " ind2=" "><marc:subfield code="0">0</marc:subfield><marc:subfield code="2">0</marc:subfield><marc:subfield code="4">0</marc:subfield><marc:subfield code="5">2005-03-22</marc:subfield><marc:subfield code="9">95</marc:subfield><marc:subfield code="P">8.38</marc:subfield><marc:subfield code="b">MED</marc:subfield><marc:subfield code="c">MED</marc:subfield><marc:subfield code="e">MED0A</marc:subfield><marc:subfield code="f">C0001219018</marc:subfield><marc:subfield code="h">JABEFAE</marc:subfield><marc:subfield code="k">EXT E C/GRI</marc:subfield><marc:subfield code="o">0</marc:subfield><marc:subfield code="p">8.38</marc:subfield><marc:subfield code="r">PRETLIV</marc:subfield><marc:subfield code="s">EXT_E_CGRI</marc:subfield><marc:subfield code="w">13</marc:subfield><marc:subfield code="y">2017-06-16</marc:subfield></marc:datafield><marc:datafield tag="995" ind1=" " ind2=" "><marc:subfield code="0">0</marc:subfield><marc:subfield code="2">0</marc:subfield><marc:subfield code="4">0</marc:subfield><marc:subfield code="5">2005-03-22</marc:subfield><marc:subfield code="9">96</marc:subfield><marc:subfield code="P">8.38</marc:subfield><marc:subfield code="b">MED</marc:subfield><marc:subfield code="c">MED</marc:subfield><marc:subfield code="e">MED0A</marc:subfield><marc:subfield code="f">C0001219076</marc:subfield><marc:subfield code="h">JABEFAE</marc:subfield><marc:subfield code="k">EXT E C/GRI</marc:subfield><marc:subfield code="o">0</marc:subfield><marc:subfield code="p">8.38</marc:subfield><marc:subfield code="r">PRETLIV</marc:subfield><marc:subfield code="s">EXT_E_CGRI</marc:subfield><marc:subfield code="w">11</marc:subfield><marc:subfield code="y">2017-03-14</marc:subfield></marc:datafield><marc:datafield tag="995" ind1=" " ind2=" "><marc:subfield code="0">0</marc:subfield><marc:subfield code="2">0</marc:subfield><marc:subfield code="4">0</marc:subfield><marc:subfield code="5">2005-03-22</marc:subfield><marc:subfield code="9">97</marc:subfield><marc:subfield code="P">8.38</marc:subfield><marc:subfield code="b">MED</marc:subfield><marc:subfield code="c">MED</marc:subfield><marc:subfield code="e">MED0A</marc:subfield><marc:subfield code="f">C0000893746</marc:subfield><marc:subfield code="h">JABEFAE</marc:subfield><marc:subfield code="k">EXT E C/GRI</marc:subfield><marc:subfield code="o">0</marc:subfield><marc:subfield code="p">8.38</marc:subfield><marc:subfield code="r">PRETLIV</marc:subfield><marc:subfield code="s">EXT_E_CGRI</marc:subfield><marc:subfield code="w">11</marc:subfield><marc:subfield code="y">2017-03-14</marc:subfield></marc:datafield><marc:datafield tag="995" ind1=" " ind2=" "><marc:subfield code="0">0</marc:subfield><marc:subfield code="2">0</marc:subfield><marc:subfield code="4">0</marc:subfield><marc:subfield code="5">2005-03-22</marc:subfield><marc:subfield code="9">98</marc:subfield><marc:subfield code="P">8.38</marc:subfield><marc:subfield code="b">MED</marc:subfield><marc:subfield code="c">MED</marc:subfield><marc:subfield code="e">MED0A</marc:subfield><marc:subfield code="f">C0001219199</marc:subfield><marc:subfield code="h">JABEFAE</marc:subfield><marc:subfield code="k">EXT E C/GRI</marc:subfield><marc:subfield code="o">0</marc:subfield><marc:subfield code="p">8.38</marc:subfield><marc:subfield code="r">PRETLIV</marc:subfield><marc:subfield code="s">EXT_E_CGRI</marc:subfield><marc:subfield code="w">7</marc:subfield><marc:subfield code="y">2017-03-14</marc:subfield></marc:datafield><marc:datafield tag="995" ind1=" " ind2=" "><marc:subfield code="0">0</marc:subfield><marc:subfield code="2">0</marc:subfield><marc:subfield code="4">0</marc:subfield><marc:subfield code="5">2005-03-22</marc:subfield><marc:subfield code="9">99</marc:subfield><marc:subfield code="P">8.38</marc:subfield><marc:subfield code="b">MED</marc:subfield><marc:subfield code="c">MED</marc:subfield><marc:subfield code="e">MED0A</marc:subfield><marc:subfield code="f">C0001219131</marc:subfield><marc:subfield code="h">JABEFAE</marc:subfield><marc:subfield code="k">EXT E C/GRI</marc:subfield><marc:subfield code="o">0</marc:subfield><marc:subfield code="p">8.38</marc:subfield><marc:subfield code="r">PRETLIV</marc:subfield><marc:subfield code="s">EXT_E_CGRI</marc:subfield><marc:subfield code="w">9</marc:subfield><marc:subfield code="y">2017-03-14</marc:subfield></marc:datafield></marc:record>