<marc:record><marc:leader>01522nam  2200373   4500</marc:leader><marc:controlfield tag="001">45</marc:controlfield><marc:controlfield tag="003">http://www.mediathequederoubaix.fr/ark:/20179/KH45</marc:controlfield><marc:datafield tag="010" ind1=" " ind2=" "><marc:subfield code="a">2-8011-0417-5</marc:subfield><marc:subfield code="d">5.79 EUR.</marc:subfield></marc:datafield><marc:datafield tag="020" ind1=" " ind2=" "><marc:subfield code="a">FR</marc:subfield><marc:subfield code="b">08511288</marc:subfield></marc:datafield><marc:datafield tag="021" ind1=" " ind2=" "><marc:subfield code="a">FR</marc:subfield><marc:subfield code="b">DL 85-01846</marc:subfield></marc:datafield><marc:datafield tag="033" ind1=" " ind2=" "><marc:subfield code="a">http://catalogue.bnf.fr/ark:/12148/cb347689552</marc:subfield></marc:datafield><marc:datafield tag="035" ind1=" " ind2=" "><marc:subfield code="a">FRBNF347689550000005</marc:subfield></marc:datafield><marc:datafield tag="039" ind1=" " ind2=" "><marc:subfield code="o">OPL</marc:subfield><marc:subfield code="a">002539797</marc:subfield></marc:datafield><marc:datafield tag="090" ind1=" " ind2=" "><marc:subfield code="a">45</marc:subfield></marc:datafield><marc:datafield tag="091" ind1=" " ind2=" "><marc:subfield code="b">20180701</marc:subfield><marc:subfield code="c">1</marc:subfield><marc:subfield code="a">2</marc:subfield></marc:datafield><marc:datafield tag="099" ind1=" " ind2=" "><marc:subfield code="t">LI</marc:subfield><marc:subfield code="c">2014-06-30</marc:subfield><marc:subfield code="d">2014-06-30</marc:subfield><marc:subfield code="x">0</marc:subfield></marc:datafield><marc:datafield tag="100" ind1=" " ind2=" "><marc:subfield code="a">19840420d1983    a  y0frey50      ba</marc:subfield></marc:datafield><marc:datafield tag="101" ind1="1" ind2=" "><marc:subfield code="a">fre</marc:subfield><marc:subfield code="c">ger</marc:subfield></marc:datafield><marc:datafield tag="102" ind1=" " ind2=" "><marc:subfield code="a">ZZ</marc:subfield></marc:datafield><marc:datafield tag="105" ind1=" " ind2=" "><marc:subfield code="a">a   z   00|a|</marc:subfield></marc:datafield><marc:datafield tag="106" ind1=" " ind2=" "><marc:subfield code="a">r</marc:subfield></marc:datafield><marc:datafield tag="200" ind1="1" ind2=" "><marc:subfield code="a">Le Petit chaperon rouge</marc:subfield><marc:subfield code="b">Texte imprimé</marc:subfield><marc:subfield code="e">un conte</marc:subfield><marc:subfield code="f">des frères Grimm</marc:subfield><marc:subfield code="g">illustré par Lisbeth Zwerger ; texte français, Ch. Lapp</marc:subfield></marc:datafield><marc:datafield tag="210" ind1=" " ind2=" "><marc:subfield code="a">Paris</marc:subfield><marc:subfield code="a">Gembloux</marc:subfield><marc:subfield code="c">Duculot</marc:subfield><marc:subfield code="d">1983</marc:subfield><marc:subfield code="e">Impr. en Autriche</marc:subfield></marc:datafield><marc:datafield tag="215" ind1=" " ind2=" "><marc:subfield code="a">[22] p.</marc:subfield><marc:subfield code="c">ill. en coul., couv. ill. en coul.</marc:subfield><marc:subfield code="d">22 x 24 cm</marc:subfield></marc:datafield><marc:datafield tag="225" ind1=" " ind2=" "><marc:subfield code="a">Les Albums Duculot</marc:subfield></marc:datafield><marc:datafield tag="339" ind1=" " ind2=" "><marc:subfield code="a">m</marc:subfield></marc:datafield><marc:datafield tag="410" ind1=" " ind2="0"><marc:subfield code="0">34236194</marc:subfield><marc:subfield code="t">Les Albums Duculot</marc:subfield><marc:subfield code="x">0775-4426</marc:subfield><marc:subfield code="d">1983</marc:subfield></marc:datafield><marc:datafield tag="686" ind1=" " ind2=" "><marc:subfield code="a">83 </marc:subfield><marc:subfield code="2">Cadre de classement de la Bibliographie nationale française</marc:subfield></marc:datafield><marc:datafield tag="700" ind1=" " ind2=" "><marc:subfield code="3">11905931</marc:subfield><marc:subfield code="9">51</marc:subfield><marc:subfield code="o">ISNI0000000121003890</marc:subfield><marc:subfield code="a">Grimm</marc:subfield><marc:subfield code="b">Jacob</marc:subfield><marc:subfield code="f">1785-1863</marc:subfield><marc:subfield code="4">070</marc:subfield></marc:datafield><marc:datafield tag="701" ind1=" " ind2=" "><marc:subfield code="3">11905932</marc:subfield><marc:subfield code="9">52</marc:subfield><marc:subfield code="o">ISNI0000000122768043</marc:subfield><marc:subfield code="a">Grimm</marc:subfield><marc:subfield code="b">Wilhelm</marc:subfield><marc:subfield code="f">1786-1859</marc:subfield><marc:subfield code="4">070</marc:subfield></marc:datafield><marc:datafield tag="702" ind1=" " ind2=" "><marc:subfield code="3">11929765</marc:subfield><marc:subfield code="9">10</marc:subfield><marc:subfield code="a">Zwerger</marc:subfield><marc:subfield code="b">Lisbeth</marc:subfield><marc:subfield code="f">1954-....</marc:subfield><marc:subfield code="4">440</marc:subfield></marc:datafield><marc:datafield tag="702" ind1=" " ind2=" "><marc:subfield code="3">11911075</marc:subfield><marc:subfield code="9">56</marc:subfield><marc:subfield code="a">Lapp</marc:subfield><marc:subfield code="b">Christiane</marc:subfield><marc:subfield code="4">570</marc:subfield></marc:datafield><marc:datafield tag="801" ind1=" " ind2="0"><marc:subfield code="a">FR</marc:subfield><marc:subfield code="b">FR-751131015</marc:subfield><marc:subfield code="c">19840420</marc:subfield><marc:subfield code="g">AFNOR</marc:subfield><marc:subfield code="h">FRBNF347689550000005</marc:subfield><marc:subfield code="2">intermrc</marc:subfield></marc:datafield><marc:datafield tag="995" ind1=" " ind2=" "><marc:subfield code="0">0</marc:subfield><marc:subfield code="2">0</marc:subfield><marc:subfield code="4">0</marc:subfield><marc:subfield code="5">2005-04-06</marc:subfield><marc:subfield code="9">105</marc:subfield><marc:subfield code="P">5.79</marc:subfield><marc:subfield code="b">MUS</marc:subfield><marc:subfield code="c">MUS</marc:subfield><marc:subfield code="e">MUS1A</marc:subfield><marc:subfield code="f">777</marc:subfield><marc:subfield code="h">M01</marc:subfield><marc:subfield code="o">3</marc:subfield><marc:subfield code="p">5.79</marc:subfield><marc:subfield code="r">PRETLIV</marc:subfield><marc:subfield code="y">2014-06-30</marc:subfield></marc:datafield></marc:record>