<marc:record><marc:leader>01259nam  2200325   4500</marc:leader><marc:controlfield tag="001">61</marc:controlfield><marc:controlfield tag="003">http://www.mediathequederoubaix.fr/ark:/20179/KH61</marc:controlfield><marc:datafield tag="010" ind1=" " ind2=" "><marc:subfield code="a">2-246-35181-2</marc:subfield><marc:subfield code="d">25.76 EUR.</marc:subfield></marc:datafield><marc:datafield tag="020" ind1=" " ind2=" "><marc:subfield code="a">FR</marc:subfield><marc:subfield code="b">08608296</marc:subfield></marc:datafield><marc:datafield tag="021" ind1=" " ind2=" "><marc:subfield code="a">FR</marc:subfield><marc:subfield code="b">DL 85-30966</marc:subfield></marc:datafield><marc:datafield tag="033" ind1=" " ind2=" "><marc:subfield code="a">http://catalogue.bnf.fr/ark:/12148/cb348395710</marc:subfield></marc:datafield><marc:datafield tag="035" ind1=" " ind2=" "><marc:subfield code="a">FRBNF348395710000003</marc:subfield></marc:datafield><marc:datafield tag="039" ind1=" " ind2=" "><marc:subfield code="o">OPL</marc:subfield><marc:subfield code="a">003654884</marc:subfield></marc:datafield><marc:datafield tag="090" ind1=" " ind2=" "><marc:subfield code="a">61</marc:subfield></marc:datafield><marc:datafield tag="091" ind1=" " ind2=" "><marc:subfield code="b">20180701</marc:subfield><marc:subfield code="c">1</marc:subfield><marc:subfield code="a">2</marc:subfield></marc:datafield><marc:datafield tag="099" ind1=" " ind2=" "><marc:subfield code="t">LI</marc:subfield><marc:subfield code="c">2014-06-30</marc:subfield><marc:subfield code="d">2014-06-30</marc:subfield><marc:subfield code="x">0</marc:subfield></marc:datafield><marc:datafield tag="100" ind1=" " ind2=" "><marc:subfield code="a">19840420d1985    m  y0frey50      ba</marc:subfield></marc:datafield><marc:datafield tag="101" ind1="0" ind2=" "><marc:subfield code="a">fre</marc:subfield></marc:datafield><marc:datafield tag="102" ind1=" " ind2=" "><marc:subfield code="a">FR</marc:subfield></marc:datafield><marc:datafield tag="105" ind1=" " ind2=" "><marc:subfield code="a">||||z   00|||</marc:subfield></marc:datafield><marc:datafield tag="106" ind1=" " ind2=" "><marc:subfield code="a">r</marc:subfield></marc:datafield><marc:datafield tag="200" ind1="1" ind2=" "><marc:subfield code="a">Jean-Yves à qui rien n&apos;arrive</marc:subfield><marc:subfield code="b">Texte imprimé</marc:subfield><marc:subfield code="f">texte de Pierre Gripari, images de Claude Lapointe</marc:subfield></marc:datafield><marc:datafield tag="210" ind1=" " ind2=" "><marc:subfield code="a">Paris</marc:subfield><marc:subfield code="c">Grasset</marc:subfield><marc:subfield code="d">1985</marc:subfield></marc:datafield><marc:datafield tag="215" ind1=" " ind2=" "><marc:subfield code="a">90 p.</marc:subfield></marc:datafield><marc:datafield tag="339" ind1=" " ind2=" "><marc:subfield code="a">a</marc:subfield></marc:datafield><marc:datafield tag="686" ind1=" " ind2=" "><marc:subfield code="a">83 </marc:subfield><marc:subfield code="2">Cadre de classement de la Bibliographie nationale française</marc:subfield></marc:datafield><marc:datafield tag="700" ind1=" " ind2=" "><marc:subfield code="3">11905940</marc:subfield><marc:subfield code="9">54</marc:subfield><marc:subfield code="o">ISNI0000000121272249</marc:subfield><marc:subfield code="a">Gripari</marc:subfield><marc:subfield code="b">Pierre</marc:subfield><marc:subfield code="f">1925-1990</marc:subfield><marc:subfield code="4">070</marc:subfield></marc:datafield><marc:datafield tag="702" ind1=" " ind2=" "><marc:subfield code="3">11911058</marc:subfield><marc:subfield code="9">55</marc:subfield><marc:subfield code="o">ISNI0000000121178316</marc:subfield><marc:subfield code="a">Lapointe</marc:subfield><marc:subfield code="b">Claude</marc:subfield><marc:subfield code="f">1938-....</marc:subfield><marc:subfield code="c">illustrateur</marc:subfield><marc:subfield code="4">440</marc:subfield></marc:datafield><marc:datafield tag="801" ind1=" " ind2="0"><marc:subfield code="a">FR</marc:subfield><marc:subfield code="b">FR-751131015</marc:subfield><marc:subfield code="c">19840420</marc:subfield><marc:subfield code="g">AFNOR</marc:subfield><marc:subfield code="h">FRBNF348395710000003</marc:subfield><marc:subfield code="2">intermrc</marc:subfield></marc:datafield><marc:datafield tag="995" ind1=" " ind2=" "><marc:subfield code="0">0</marc:subfield><marc:subfield code="2">0</marc:subfield><marc:subfield code="4">0</marc:subfield><marc:subfield code="5">2005-03-22</marc:subfield><marc:subfield code="9">148</marc:subfield><marc:subfield code="P">25.76</marc:subfield><marc:subfield code="b">MED</marc:subfield><marc:subfield code="c">MED</marc:subfield><marc:subfield code="e">MED0A</marc:subfield><marc:subfield code="f">C0000705579</marc:subfield><marc:subfield code="h">JABEFAE</marc:subfield><marc:subfield code="k">EXT E C/GRI</marc:subfield><marc:subfield code="o">0</marc:subfield><marc:subfield code="p">25.76</marc:subfield><marc:subfield code="r">PRETLIV</marc:subfield><marc:subfield code="s">EXT_E_CGRI</marc:subfield><marc:subfield code="w">9</marc:subfield><marc:subfield code="y">2017-03-14</marc:subfield></marc:datafield></marc:record>