<marc:record><marc:leader>01461nam  2200373   4500</marc:leader><marc:controlfield tag="001">69</marc:controlfield><marc:controlfield tag="003">http://www.mediathequederoubaix.fr/ark:/20179/KH69</marc:controlfield><marc:datafield tag="010" ind1=" " ind2=" "><marc:subfield code="a">2-07-072704-1</marc:subfield></marc:datafield><marc:datafield tag="020" ind1=" " ind2=" "><marc:subfield code="a">FR</marc:subfield><marc:subfield code="b">09313074</marc:subfield></marc:datafield><marc:datafield tag="021" ind1=" " ind2=" "><marc:subfield code="a">FR</marc:subfield><marc:subfield code="b">DL 93-07250</marc:subfield></marc:datafield><marc:datafield tag="033" ind1=" " ind2=" "><marc:subfield code="a">http://catalogue.bnf.fr/ark:/12148/cb35562901g</marc:subfield></marc:datafield><marc:datafield tag="035" ind1=" " ind2=" "><marc:subfield code="a">FRBNF355629010000003</marc:subfield></marc:datafield><marc:datafield tag="039" ind1=" " ind2=" "><marc:subfield code="o">OPL</marc:subfield><marc:subfield code="a">01508414X</marc:subfield></marc:datafield><marc:datafield tag="090" ind1=" " ind2=" "><marc:subfield code="a">69</marc:subfield></marc:datafield><marc:datafield tag="091" ind1=" " ind2=" "><marc:subfield code="b">20180701</marc:subfield><marc:subfield code="c">1</marc:subfield><marc:subfield code="a">2</marc:subfield></marc:datafield><marc:datafield tag="099" ind1=" " ind2=" "><marc:subfield code="t">LI</marc:subfield><marc:subfield code="c">2014-06-30</marc:subfield><marc:subfield code="d">2014-06-30</marc:subfield><marc:subfield code="x">6</marc:subfield></marc:datafield><marc:datafield tag="100" ind1=" " ind2=" "><marc:subfield code="a">19930414d1993    m  y0frey50      ba</marc:subfield></marc:datafield><marc:datafield tag="101" ind1="1" ind2=" "><marc:subfield code="a">fre</marc:subfield><marc:subfield code="c">jpn</marc:subfield></marc:datafield><marc:datafield tag="102" ind1=" " ind2=" "><marc:subfield code="a">FR</marc:subfield></marc:datafield><marc:datafield tag="105" ind1=" " ind2=" "><marc:subfield code="a">||||z   00|a|</marc:subfield></marc:datafield><marc:datafield tag="106" ind1=" " ind2=" "><marc:subfield code="a">r</marc:subfield></marc:datafield><marc:datafield tag="200" ind1="1" ind2=" "><marc:subfield code="a">L&apos;école de la chair</marc:subfield><marc:subfield code="b">Texte imprimé</marc:subfield><marc:subfield code="e">roman</marc:subfield><marc:subfield code="f">Yukio Mishima</marc:subfield><marc:subfield code="g">trad. du japonais par Yves-Marie et Brigitte Allioux</marc:subfield></marc:datafield><marc:datafield tag="210" ind1=" " ind2=" "><marc:subfield code="a">[Paris]</marc:subfield><marc:subfield code="c">Gallimard</marc:subfield><marc:subfield code="d">1993</marc:subfield><marc:subfield code="e">18-Saint-Amand</marc:subfield><marc:subfield code="g">Impr. SEPC</marc:subfield></marc:datafield><marc:datafield tag="215" ind1=" " ind2=" "><marc:subfield code="a">235 p.</marc:subfield><marc:subfield code="d">21 cm</marc:subfield></marc:datafield><marc:datafield tag="225" ind1=" " ind2=" "><marc:subfield code="a">Du monde entier</marc:subfield></marc:datafield><marc:datafield tag="339" ind1=" " ind2=" "><marc:subfield code="a">m</marc:subfield></marc:datafield><marc:datafield tag="410" ind1=" " ind2="0"><marc:subfield code="0">34232294</marc:subfield><marc:subfield code="t">Du monde entier (Paris)</marc:subfield><marc:subfield code="x">0750-7879</marc:subfield><marc:subfield code="d">1993</marc:subfield></marc:datafield><marc:datafield tag="454" ind1=" " ind2="1"><marc:subfield code="t">Nikutai no gakko</marc:subfield></marc:datafield><marc:datafield tag="686" ind1=" " ind2=" "><marc:subfield code="a">823</marc:subfield><marc:subfield code="2">Cadre de classement de la Bibliographie nationale française</marc:subfield></marc:datafield><marc:datafield tag="700" ind1=" " ind2=" "><marc:subfield code="3">11916285</marc:subfield><marc:subfield code="9">94</marc:subfield><marc:subfield code="a">Mishima</marc:subfield><marc:subfield code="b">Yukio</marc:subfield><marc:subfield code="f">1925-1970</marc:subfield><marc:subfield code="4">070</marc:subfield></marc:datafield><marc:datafield tag="702" ind1=" " ind2=" "><marc:subfield code="3">12161620</marc:subfield><marc:subfield code="9">95</marc:subfield><marc:subfield code="o">ISNI0000000117605477</marc:subfield><marc:subfield code="a">Allioux</marc:subfield><marc:subfield code="b">Yves Marie</marc:subfield><marc:subfield code="4">730</marc:subfield></marc:datafield><marc:datafield tag="702" ind1=" " ind2=" "><marc:subfield code="3">12304434</marc:subfield><marc:subfield code="9">272943</marc:subfield><marc:subfield code="o">ISNI000000004260978X</marc:subfield><marc:subfield code="a">Allioux</marc:subfield><marc:subfield code="b">Brigitte</marc:subfield><marc:subfield code="4">730</marc:subfield></marc:datafield><marc:datafield tag="801" ind1=" " ind2="0"><marc:subfield code="a">FR</marc:subfield><marc:subfield code="b">FR-751131015</marc:subfield><marc:subfield code="c">19930414</marc:subfield><marc:subfield code="g">AFNOR</marc:subfield><marc:subfield code="h">FRBNF355629010000003</marc:subfield><marc:subfield code="2">intermrc</marc:subfield></marc:datafield><marc:datafield tag="995" ind1=" " ind2=" "><marc:subfield code="0">0</marc:subfield><marc:subfield code="2">0</marc:subfield><marc:subfield code="4">0</marc:subfield><marc:subfield code="5">2005-03-22</marc:subfield><marc:subfield code="9">156</marc:subfield><marc:subfield code="P">13.72</marc:subfield><marc:subfield code="b">MED</marc:subfield><marc:subfield code="c">MED</marc:subfield><marc:subfield code="e">MED1A</marc:subfield><marc:subfield code="f">C0000220553</marc:subfield><marc:subfield code="h">ALTROZZ</marc:subfield><marc:subfield code="k">R/MIS</marc:subfield><marc:subfield code="o">0</marc:subfield><marc:subfield code="p">13.72</marc:subfield><marc:subfield code="r">PRETLIV</marc:subfield><marc:subfield code="s">RMIS</marc:subfield><marc:subfield code="w">28</marc:subfield><marc:subfield code="y">2018-03-24</marc:subfield></marc:datafield></marc:record>