<marc:record><marc:leader>01597nam  2200373   4500</marc:leader><marc:controlfield tag="001">72</marc:controlfield><marc:controlfield tag="003">http://www.mediathequederoubaix.fr/ark:/20179/KH72</marc:controlfield><marc:datafield tag="010" ind1=" " ind2=" "><marc:subfield code="a">2-7427-0011-0</marc:subfield></marc:datafield><marc:datafield tag="020" ind1=" " ind2=" "><marc:subfield code="a">FR</marc:subfield><marc:subfield code="b">09316181</marc:subfield></marc:datafield><marc:datafield tag="021" ind1=" " ind2=" "><marc:subfield code="a">FR</marc:subfield><marc:subfield code="b">DL 93-07925</marc:subfield></marc:datafield><marc:datafield tag="033" ind1=" " ind2=" "><marc:subfield code="a">http://catalogue.bnf.fr/ark:/12148/cb355674886</marc:subfield></marc:datafield><marc:datafield tag="035" ind1=" " ind2=" "><marc:subfield code="a">FRBNF355674880000000</marc:subfield></marc:datafield><marc:datafield tag="039" ind1=" " ind2=" "><marc:subfield code="o">OPL</marc:subfield><marc:subfield code="a">015164112</marc:subfield></marc:datafield><marc:datafield tag="090" ind1=" " ind2=" "><marc:subfield code="a">72</marc:subfield></marc:datafield><marc:datafield tag="091" ind1=" " ind2=" "><marc:subfield code="b">20180701</marc:subfield><marc:subfield code="c">1</marc:subfield><marc:subfield code="a">2</marc:subfield></marc:datafield><marc:datafield tag="099" ind1=" " ind2=" "><marc:subfield code="t">LI</marc:subfield><marc:subfield code="c">2014-06-30</marc:subfield><marc:subfield code="d">2014-06-30</marc:subfield><marc:subfield code="x">2</marc:subfield></marc:datafield><marc:datafield tag="100" ind1=" " ind2=" "><marc:subfield code="a">19930512d1993    m  y0frey50      ba</marc:subfield></marc:datafield><marc:datafield tag="101" ind1="1" ind2=" "><marc:subfield code="a">fre</marc:subfield><marc:subfield code="c">spa</marc:subfield></marc:datafield><marc:datafield tag="102" ind1=" " ind2=" "><marc:subfield code="a">FR</marc:subfield><marc:subfield code="a">BE</marc:subfield><marc:subfield code="a">CH</marc:subfield></marc:datafield><marc:datafield tag="105" ind1=" " ind2=" "><marc:subfield code="a">||||z   00|a|</marc:subfield></marc:datafield><marc:datafield tag="106" ind1=" " ind2=" "><marc:subfield code="a">r</marc:subfield></marc:datafield><marc:datafield tag="200" ind1="1" ind2=" "><marc:subfield code="a">Cher Diego, Quiela t&apos;embrasse</marc:subfield><marc:subfield code="b">Texte imprimé</marc:subfield><marc:subfield code="e">roman</marc:subfield><marc:subfield code="f">Elena Poniatowska</marc:subfield><marc:subfield code="g">trad. de l&apos;espagnol (Mexique) par Rauda Jamis</marc:subfield><marc:subfield code="g">lecture de Claude Fell</marc:subfield></marc:datafield><marc:datafield tag="210" ind1=" " ind2=" "><marc:subfield code="a">[Arles]</marc:subfield><marc:subfield code="c">Actes Sud</marc:subfield><marc:subfield code="a">[Bruxelles]</marc:subfield><marc:subfield code="c">Labor</marc:subfield><marc:subfield code="a">[Lausanne]</marc:subfield><marc:subfield code="c">l&apos;Aire</marc:subfield><marc:subfield code="d">1993</marc:subfield><marc:subfield code="e">18-Saint-Amand-Montrond</marc:subfield><marc:subfield code="g">Impr. Bussière</marc:subfield></marc:datafield><marc:datafield tag="215" ind1=" " ind2=" "><marc:subfield code="a">77 p.</marc:subfield><marc:subfield code="c">couv. ill. en coul.</marc:subfield><marc:subfield code="d">18 cm</marc:subfield></marc:datafield><marc:datafield tag="225" ind1=" " ind2=" "><marc:subfield code="a">Babel</marc:subfield><marc:subfield code="v">65</marc:subfield></marc:datafield><marc:datafield tag="339" ind1=" " ind2=" "><marc:subfield code="a">m</marc:subfield></marc:datafield><marc:datafield tag="410" ind1=" " ind2="0"><marc:subfield code="0">34252526</marc:subfield><marc:subfield code="t">Babel (Arles)</marc:subfield><marc:subfield code="x">1140-3853</marc:subfield><marc:subfield code="v">65</marc:subfield></marc:datafield><marc:datafield tag="454" ind1=" " ind2="1"><marc:subfield code="t">Querido Diego, te abraza Quiela</marc:subfield></marc:datafield><marc:datafield tag="686" ind1=" " ind2=" "><marc:subfield code="a">823</marc:subfield><marc:subfield code="2">Cadre de classement de la Bibliographie nationale française</marc:subfield></marc:datafield><marc:datafield tag="700" ind1=" " ind2=" "><marc:subfield code="3">11920249</marc:subfield><marc:subfield code="9">272944</marc:subfield><marc:subfield code="o">ISNI000000012141768X</marc:subfield><marc:subfield code="a">Poniatowska</marc:subfield><marc:subfield code="b">Elena</marc:subfield><marc:subfield code="f">1933-....</marc:subfield><marc:subfield code="4">070</marc:subfield></marc:datafield><marc:datafield tag="702" ind1=" " ind2=" "><marc:subfield code="3">11908555</marc:subfield><marc:subfield code="9">272945</marc:subfield><marc:subfield code="o">ISNI0000000084092483</marc:subfield><marc:subfield code="a">Jamis</marc:subfield><marc:subfield code="b">Rauda</marc:subfield><marc:subfield code="f">1955-....</marc:subfield><marc:subfield code="4">730</marc:subfield></marc:datafield><marc:datafield tag="702" ind1=" " ind2=" "><marc:subfield code="3">11902509</marc:subfield><marc:subfield code="9">102</marc:subfield><marc:subfield code="o">ISNI0000000066350880</marc:subfield><marc:subfield code="a">Fell</marc:subfield><marc:subfield code="b">Claude</marc:subfield><marc:subfield code="4">340</marc:subfield></marc:datafield><marc:datafield tag="801" ind1=" " ind2="0"><marc:subfield code="a">FR</marc:subfield><marc:subfield code="b">FR-751131015</marc:subfield><marc:subfield code="c">19930512</marc:subfield><marc:subfield code="g">AFNOR</marc:subfield><marc:subfield code="h">FRBNF355674880000000</marc:subfield><marc:subfield code="2">intermrc</marc:subfield></marc:datafield><marc:datafield tag="995" ind1=" " ind2=" "><marc:subfield code="0">0</marc:subfield><marc:subfield code="2">0</marc:subfield><marc:subfield code="4">0</marc:subfield><marc:subfield code="5">2005-03-22</marc:subfield><marc:subfield code="9">159</marc:subfield><marc:subfield code="P">5.03</marc:subfield><marc:subfield code="b">MED</marc:subfield><marc:subfield code="c">MED</marc:subfield><marc:subfield code="e">MED1A</marc:subfield><marc:subfield code="f">C0000220422</marc:subfield><marc:subfield code="h">ALTROZZ</marc:subfield><marc:subfield code="k">R/PON</marc:subfield><marc:subfield code="o">0</marc:subfield><marc:subfield code="p">5.03</marc:subfield><marc:subfield code="r">PRETLIV</marc:subfield><marc:subfield code="s">RPON</marc:subfield><marc:subfield code="w">7</marc:subfield><marc:subfield code="y">2018-03-24</marc:subfield></marc:datafield></marc:record>