<marc:record><marc:leader>01474nam  2200373   4500</marc:leader><marc:controlfield tag="001">90</marc:controlfield><marc:controlfield tag="003">http://www.mediathequederoubaix.fr/ark:/20179/KH90</marc:controlfield><marc:datafield tag="010" ind1=" " ind2=" "><marc:subfield code="a">2-86943-366-2</marc:subfield></marc:datafield><marc:datafield tag="020" ind1=" " ind2=" "><marc:subfield code="a">FR</marc:subfield><marc:subfield code="b">09312852</marc:subfield></marc:datafield><marc:datafield tag="021" ind1=" " ind2=" "><marc:subfield code="a">FR</marc:subfield><marc:subfield code="b">DL 93-06369</marc:subfield></marc:datafield><marc:datafield tag="033" ind1=" " ind2=" "><marc:subfield code="a">http://catalogue.bnf.fr/ark:/12148/cb35562292p</marc:subfield></marc:datafield><marc:datafield tag="035" ind1=" " ind2=" "><marc:subfield code="a">FRBNF35562292000000X</marc:subfield></marc:datafield><marc:datafield tag="039" ind1=" " ind2=" "><marc:subfield code="o">OPL</marc:subfield><marc:subfield code="a">015073303</marc:subfield></marc:datafield><marc:datafield tag="090" ind1=" " ind2=" "><marc:subfield code="a">90</marc:subfield></marc:datafield><marc:datafield tag="091" ind1=" " ind2=" "><marc:subfield code="b">20180701</marc:subfield><marc:subfield code="c">1</marc:subfield><marc:subfield code="a">2</marc:subfield></marc:datafield><marc:datafield tag="099" ind1=" " ind2=" "><marc:subfield code="t">LI</marc:subfield><marc:subfield code="c">2014-06-30</marc:subfield><marc:subfield code="d">2014-06-30</marc:subfield><marc:subfield code="x">1</marc:subfield></marc:datafield><marc:datafield tag="100" ind1=" " ind2=" "><marc:subfield code="a">19930408d1993    m  y0frey50      ba</marc:subfield></marc:datafield><marc:datafield tag="101" ind1="0" ind2=" "><marc:subfield code="a">fre</marc:subfield></marc:datafield><marc:datafield tag="102" ind1=" " ind2=" "><marc:subfield code="a">FR</marc:subfield></marc:datafield><marc:datafield tag="105" ind1=" " ind2=" "><marc:subfield code="a">||||z   00|a|</marc:subfield></marc:datafield><marc:datafield tag="106" ind1=" " ind2=" "><marc:subfield code="a">r</marc:subfield></marc:datafield><marc:datafield tag="200" ind1="1" ind2=" "><marc:subfield code="a">Arloc ou Le grand voyage</marc:subfield><marc:subfield code="b">Texte imprimé</marc:subfield><marc:subfield code="a">suivi de Le grand retour de Boris Spielman</marc:subfield><marc:subfield code="f">[Serge Kribus]</marc:subfield></marc:datafield><marc:datafield tag="210" ind1=" " ind2=" "><marc:subfield code="a">Paris</marc:subfield><marc:subfield code="c">Actes sud-Papiers</marc:subfield><marc:subfield code="d">1993</marc:subfield><marc:subfield code="e">21-Quetigny</marc:subfield><marc:subfield code="g">Impr. Darantière</marc:subfield></marc:datafield><marc:datafield tag="215" ind1=" " ind2=" "><marc:subfield code="a">132 p.</marc:subfield><marc:subfield code="d">21 cm</marc:subfield></marc:datafield><marc:datafield tag="225" ind1=" " ind2=" "><marc:subfield code="a">Actes sud-Papiers</marc:subfield><marc:subfield code="x">0298-0592</marc:subfield></marc:datafield><marc:datafield tag="311" ind1=" " ind2=" "><marc:subfield code="a">Arloc ou Le grand voyageTexte manuscrit)</marc:subfield></marc:datafield><marc:datafield tag="339" ind1=" " ind2=" "><marc:subfield code="a">m</marc:subfield></marc:datafield><marc:datafield tag="410" ind1=" " ind2="0"><marc:subfield code="0">34230358</marc:subfield><marc:subfield code="t">Théâtre (Paris. 1985)</marc:subfield><marc:subfield code="x">0298-0592</marc:subfield><marc:subfield code="d">1993</marc:subfield></marc:datafield><marc:datafield tag="488" ind1=" " ind2="0"><marc:subfield code="0">41462579</marc:subfield><marc:subfield code="t">Arloc ou Le grand voyage</marc:subfield><marc:subfield code="b">Texte manuscrit</marc:subfield></marc:datafield><marc:datafield tag="517" ind1="1" ind2=" "><marc:subfield code="a">Le grand retour de Boris Spielman</marc:subfield></marc:datafield><marc:datafield tag="686" ind1=" " ind2=" "><marc:subfield code="a">822</marc:subfield><marc:subfield code="2">Cadre de classement de la Bibliographie nationale française</marc:subfield></marc:datafield><marc:datafield tag="700" ind1=" " ind2=" "><marc:subfield code="3">12303981</marc:subfield><marc:subfield code="9">129</marc:subfield><marc:subfield code="o">ISNI0000000044232883</marc:subfield><marc:subfield code="a">Kribus</marc:subfield><marc:subfield code="b">Serge</marc:subfield><marc:subfield code="f">1962-....</marc:subfield><marc:subfield code="4">070</marc:subfield></marc:datafield><marc:datafield tag="801" ind1=" " ind2="0"><marc:subfield code="a">FR</marc:subfield><marc:subfield code="b">FR-751131015</marc:subfield><marc:subfield code="c">19930408</marc:subfield><marc:subfield code="g">AFNOR</marc:subfield><marc:subfield code="h">FRBNF35562292000000X</marc:subfield><marc:subfield code="2">intermrc</marc:subfield></marc:datafield><marc:datafield tag="995" ind1=" " ind2=" "><marc:subfield code="0">0</marc:subfield><marc:subfield code="2">0</marc:subfield><marc:subfield code="4">0</marc:subfield><marc:subfield code="5">2005-03-22</marc:subfield><marc:subfield code="9">177</marc:subfield><marc:subfield code="P">16.77</marc:subfield><marc:subfield code="b">MED</marc:subfield><marc:subfield code="c">MED</marc:subfield><marc:subfield code="e">MED1A</marc:subfield><marc:subfield code="f">C0000236245</marc:subfield><marc:subfield code="h">AMVTHTX</marc:subfield><marc:subfield code="k">T/KRI</marc:subfield><marc:subfield code="o">0</marc:subfield><marc:subfield code="p">16.77</marc:subfield><marc:subfield code="r">PRETLIV</marc:subfield><marc:subfield code="s">TKRI</marc:subfield><marc:subfield code="w">4</marc:subfield><marc:subfield code="y">2018-03-24</marc:subfield></marc:datafield></marc:record>