<marc:record><marc:leader>01548cam  2200349   4500</marc:leader><marc:controlfield tag="001">96</marc:controlfield><marc:controlfield tag="003">http://www.mediathequederoubaix.fr/ark:/20179/KH96</marc:controlfield><marc:datafield tag="010" ind1=" " ind2=" "><marc:subfield code="a">2-85850-705-8</marc:subfield></marc:datafield><marc:datafield tag="020" ind1=" " ind2=" "><marc:subfield code="a">FR</marc:subfield><marc:subfield code="b">09314120</marc:subfield></marc:datafield><marc:datafield tag="021" ind1=" " ind2=" "><marc:subfield code="a">FR</marc:subfield><marc:subfield code="b">DL 93-10555</marc:subfield></marc:datafield><marc:datafield tag="033" ind1=" " ind2=" "><marc:subfield code="a">http://catalogue.bnf.fr/ark:/12148/cb355626458</marc:subfield></marc:datafield><marc:datafield tag="035" ind1=" " ind2=" "><marc:subfield code="a">FRBNF355626450000001</marc:subfield></marc:datafield><marc:datafield tag="039" ind1=" " ind2=" "><marc:subfield code="o">OPL</marc:subfield><marc:subfield code="a">015079797</marc:subfield></marc:datafield><marc:datafield tag="090" ind1=" " ind2=" "><marc:subfield code="a">96</marc:subfield></marc:datafield><marc:datafield tag="091" ind1=" " ind2=" "><marc:subfield code="b">20180701</marc:subfield><marc:subfield code="c">1</marc:subfield><marc:subfield code="a">2</marc:subfield></marc:datafield><marc:datafield tag="099" ind1=" " ind2=" "><marc:subfield code="t">LI</marc:subfield><marc:subfield code="c">2014-06-30</marc:subfield><marc:subfield code="d">2014-06-30</marc:subfield><marc:subfield code="x">0</marc:subfield></marc:datafield><marc:datafield tag="100" ind1=" " ind2=" "><marc:subfield code="a">19930413d1993    m  h0frey50      ba</marc:subfield></marc:datafield><marc:datafield tag="101" ind1="0" ind2=" "><marc:subfield code="a">fre</marc:subfield></marc:datafield><marc:datafield tag="102" ind1=" " ind2=" "><marc:subfield code="a">FR</marc:subfield></marc:datafield><marc:datafield tag="105" ind1=" " ind2=" "><marc:subfield code="a">a   z   00|y|</marc:subfield></marc:datafield><marc:datafield tag="106" ind1=" " ind2=" "><marc:subfield code="a">r</marc:subfield></marc:datafield><marc:datafield tag="200" ind1="1" ind2=" "><marc:subfield code="a">Henri Matisse</marc:subfield><marc:subfield code="b">Texte imprimé</marc:subfield><marc:subfield code="e">1904-1917</marc:subfield><marc:subfield code="e">Grande galerie, 25 février-21 juin 1993, Centre Georges Pompidou... [Paris]</marc:subfield></marc:datafield><marc:datafield tag="210" ind1=" " ind2=" "><marc:subfield code="a">Paris</marc:subfield><marc:subfield code="c">Centre Georges Pompidou</marc:subfield><marc:subfield code="d">1993</marc:subfield><marc:subfield code="e">37-Tours</marc:subfield><marc:subfield code="g">Impr. Mame</marc:subfield></marc:datafield><marc:datafield tag="215" ind1=" " ind2=" "><marc:subfield code="a">523 p.</marc:subfield><marc:subfield code="c">ill. en noir et en coul.</marc:subfield><marc:subfield code="d">31 cm</marc:subfield></marc:datafield><marc:datafield tag="300" ind1=" " ind2=" "><marc:subfield code="a">Bibliogr. p. 517-522</marc:subfield></marc:datafield><marc:datafield tag="339" ind1=" " ind2=" "><marc:subfield code="a">m</marc:subfield></marc:datafield><marc:datafield tag="503" ind1="1" ind2=" "><marc:subfield code="a">Exposition</marc:subfield><marc:subfield code="m">Paris</marc:subfield><marc:subfield code="n">Centre national d&apos;art et de culture Georges Pompidou</marc:subfield><marc:subfield code="j">1993</marc:subfield><marc:subfield code="2">rameau</marc:subfield></marc:datafield><marc:datafield tag="600" ind1=" " ind2=" "><marc:subfield code="3">11915136</marc:subfield><marc:subfield code="9">135</marc:subfield><marc:subfield code="a"> Matisse </marc:subfield><marc:subfield code="b"> Henri </marc:subfield><marc:subfield code="f"> 1869-1954</marc:subfield><marc:subfield code="3">11938837</marc:subfield><marc:subfield code="9">136</marc:subfield><marc:subfield code="x">Catalogues d&apos;exposition</marc:subfield><marc:subfield code="2">rameau</marc:subfield></marc:datafield><marc:datafield tag="686" ind1=" " ind2=" "><marc:subfield code="a">70 </marc:subfield><marc:subfield code="2">Cadre de classement de la Bibliographie nationale française</marc:subfield></marc:datafield><marc:datafield tag="712" ind1=" " ind2=" "><marc:subfield code="3">11874536</marc:subfield><marc:subfield code="9">137</marc:subfield><marc:subfield code="o">ISNI0000000121947533</marc:subfield><marc:subfield code="a">Centre national d&apos;art et de culture Georges Pompidou</marc:subfield><marc:subfield code="c">Paris</marc:subfield><marc:subfield code="4">070</marc:subfield></marc:datafield><marc:datafield tag="801" ind1=" " ind2="0"><marc:subfield code="a">FR</marc:subfield><marc:subfield code="b">FR-751131015</marc:subfield><marc:subfield code="c">19930413</marc:subfield><marc:subfield code="g">AFNOR</marc:subfield><marc:subfield code="h">FRBNF355626450000001</marc:subfield><marc:subfield code="2">intermrc</marc:subfield></marc:datafield><marc:datafield tag="995" ind1=" " ind2=" "><marc:subfield code="0">0</marc:subfield><marc:subfield code="2">0</marc:subfield><marc:subfield code="4">0</marc:subfield><marc:subfield code="5">2005-03-22</marc:subfield><marc:subfield code="9">183</marc:subfield><marc:subfield code="P">42.69</marc:subfield><marc:subfield code="b">MED</marc:subfield><marc:subfield code="c">MED</marc:subfield><marc:subfield code="e">MED3F</marc:subfield><marc:subfield code="f">C0000236423</marc:subfield><marc:subfield code="h">AZZMAZZ</marc:subfield><marc:subfield code="k">Mag. in-4/6 916</marc:subfield><marc:subfield code="o">0</marc:subfield><marc:subfield code="p">42.69</marc:subfield><marc:subfield code="r">PRETLIV</marc:subfield><marc:subfield code="s">MAG___IN46_916_000000000000000</marc:subfield><marc:subfield code="w">14</marc:subfield><marc:subfield code="y">2014-06-30</marc:subfield></marc:datafield></marc:record>