<marc:record><marc:leader>01395nam  2200361   4500</marc:leader><marc:controlfield tag="001">109</marc:controlfield><marc:controlfield tag="003">http://www.mediathequederoubaix.fr/ark:/20179/KH109</marc:controlfield><marc:datafield tag="010" ind1=" " ind2=" "><marc:subfield code="a">2-7144-2956-4</marc:subfield></marc:datafield><marc:datafield tag="020" ind1=" " ind2=" "><marc:subfield code="a">FR</marc:subfield><marc:subfield code="b">09310525</marc:subfield></marc:datafield><marc:datafield tag="021" ind1=" " ind2=" "><marc:subfield code="a">FR</marc:subfield><marc:subfield code="b">DL 93-03762</marc:subfield></marc:datafield><marc:datafield tag="033" ind1=" " ind2=" "><marc:subfield code="a">http://catalogue.bnf.fr/ark:/12148/cb35558580r</marc:subfield></marc:datafield><marc:datafield tag="035" ind1=" " ind2=" "><marc:subfield code="a">FRBNF355585800000009</marc:subfield></marc:datafield><marc:datafield tag="039" ind1=" " ind2=" "><marc:subfield code="o">OPL</marc:subfield><marc:subfield code="a">015009756</marc:subfield></marc:datafield><marc:datafield tag="090" ind1=" " ind2=" "><marc:subfield code="a">109</marc:subfield></marc:datafield><marc:datafield tag="091" ind1=" " ind2=" "><marc:subfield code="b">20180701</marc:subfield><marc:subfield code="c">1</marc:subfield><marc:subfield code="a">2</marc:subfield></marc:datafield><marc:datafield tag="099" ind1=" " ind2=" "><marc:subfield code="t">LI</marc:subfield><marc:subfield code="c">2014-06-30</marc:subfield><marc:subfield code="d">2014-06-30</marc:subfield><marc:subfield code="x">2</marc:subfield></marc:datafield><marc:datafield tag="100" ind1=" " ind2=" "><marc:subfield code="a">19930316d1993    m  y0frey50      ba</marc:subfield></marc:datafield><marc:datafield tag="101" ind1="1" ind2=" "><marc:subfield code="a">fre</marc:subfield><marc:subfield code="c">eng</marc:subfield></marc:datafield><marc:datafield tag="102" ind1=" " ind2=" "><marc:subfield code="a">FR</marc:subfield></marc:datafield><marc:datafield tag="105" ind1=" " ind2=" "><marc:subfield code="a">||||z   00|a|</marc:subfield></marc:datafield><marc:datafield tag="106" ind1=" " ind2=" "><marc:subfield code="a">r</marc:subfield></marc:datafield><marc:datafield tag="200" ind1="1" ind2=" "><marc:subfield code="a">Pour un coeur qui s&apos;obstine</marc:subfield><marc:subfield code="b">Texte imprimé</marc:subfield><marc:subfield code="f">Marilyn Harris</marc:subfield><marc:subfield code="g">trad. de l&apos;américain par Dominique Peters</marc:subfield></marc:datafield><marc:datafield tag="210" ind1=" " ind2=" "><marc:subfield code="a">Paris</marc:subfield><marc:subfield code="c">Belfond</marc:subfield><marc:subfield code="d">1993</marc:subfield><marc:subfield code="e">18-Saint-Amand-Montrond</marc:subfield><marc:subfield code="g">Impr. SEPC</marc:subfield></marc:datafield><marc:datafield tag="215" ind1=" " ind2=" "><marc:subfield code="a">465 p.</marc:subfield><marc:subfield code="c">couv. ill. en coul.</marc:subfield><marc:subfield code="d">24 cm</marc:subfield></marc:datafield><marc:datafield tag="225" ind1=" " ind2=" "><marc:subfield code="a">[Grands romans Belfond]</marc:subfield></marc:datafield><marc:datafield tag="339" ind1=" " ind2=" "><marc:subfield code="a">m</marc:subfield></marc:datafield><marc:datafield tag="410" ind1=" " ind2="0"><marc:subfield code="0">34228325</marc:subfield><marc:subfield code="t">Les Grands romans Belfond</marc:subfield><marc:subfield code="x">0246-6090</marc:subfield><marc:subfield code="d">1993</marc:subfield></marc:datafield><marc:datafield tag="454" ind1=" " ind2="1"><marc:subfield code="t">Lost and found</marc:subfield></marc:datafield><marc:datafield tag="686" ind1=" " ind2=" "><marc:subfield code="a">823</marc:subfield><marc:subfield code="2">Cadre de classement de la Bibliographie nationale française</marc:subfield></marc:datafield><marc:datafield tag="700" ind1=" " ind2=" "><marc:subfield code="3">12941248</marc:subfield><marc:subfield code="a">Harris</marc:subfield><marc:subfield code="b">Marilyn</marc:subfield><marc:subfield code="4">070</marc:subfield></marc:datafield><marc:datafield tag="702" ind1=" " ind2=" "><marc:subfield code="3">11919361</marc:subfield><marc:subfield code="9">150</marc:subfield><marc:subfield code="o">ISNI0000000116055776</marc:subfield><marc:subfield code="a">Peters</marc:subfield><marc:subfield code="b">Dominique</marc:subfield><marc:subfield code="4">730</marc:subfield></marc:datafield><marc:datafield tag="801" ind1=" " ind2="0"><marc:subfield code="a">FR</marc:subfield><marc:subfield code="b">FR-751131015</marc:subfield><marc:subfield code="c">19930316</marc:subfield><marc:subfield code="g">AFNOR</marc:subfield><marc:subfield code="h">FRBNF355585800000009</marc:subfield><marc:subfield code="2">intermrc</marc:subfield></marc:datafield><marc:datafield tag="995" ind1=" " ind2=" "><marc:subfield code="0">0</marc:subfield><marc:subfield code="2">0</marc:subfield><marc:subfield code="4">0</marc:subfield><marc:subfield code="5">2005-03-22</marc:subfield><marc:subfield code="9">197</marc:subfield><marc:subfield code="P">19.82</marc:subfield><marc:subfield code="b">MED</marc:subfield><marc:subfield code="c">MED</marc:subfield><marc:subfield code="e">MED1A</marc:subfield><marc:subfield code="f">C0000229751</marc:subfield><marc:subfield code="h">ALTROZZ</marc:subfield><marc:subfield code="k">R/HAR</marc:subfield><marc:subfield code="o">0</marc:subfield><marc:subfield code="p">19.82</marc:subfield><marc:subfield code="r">PRETLIV</marc:subfield><marc:subfield code="s">RHAR</marc:subfield><marc:subfield code="w">36</marc:subfield><marc:subfield code="y">2018-07-03</marc:subfield></marc:datafield></marc:record>