<marc:record><marc:leader>01284nj  a2200289   4500</marc:leader><marc:controlfield tag="001">122</marc:controlfield><marc:controlfield tag="003">http://www.mediathequederoubaix.fr/ark:/20179/KH122</marc:controlfield><marc:controlfield tag="005">20180719171459.0</marc:controlfield><marc:datafield tag="035" ind1="0" ind2="0"><marc:subfield code="a">HZ_RBX262</marc:subfield></marc:datafield><marc:datafield tag="071" ind1="0" ind2="0"><marc:subfield code="b">Parlophone</marc:subfield><marc:subfield code="a">7 80400 2</marc:subfield></marc:datafield><marc:datafield tag="090" ind1=" " ind2=" "><marc:subfield code="a">122</marc:subfield></marc:datafield><marc:datafield tag="091" ind1=" " ind2=" "><marc:subfield code="a">1</marc:subfield><marc:subfield code="b">20180701</marc:subfield><marc:subfield code="c">0</marc:subfield></marc:datafield><marc:datafield tag="099" ind1=" " ind2=" "><marc:subfield code="t">DC</marc:subfield><marc:subfield code="c">2014-06-30</marc:subfield><marc:subfield code="d">2014-06-30</marc:subfield><marc:subfield code="x">2</marc:subfield></marc:datafield><marc:datafield tag="100" ind1=" " ind2=" "><marc:subfield code="a">19       1992    k  y0frey5003    ba</marc:subfield></marc:datafield><marc:datafield tag="101" ind1=" " ind2=" "><marc:subfield code="a">fre</marc:subfield></marc:datafield><marc:datafield tag="200" ind1=" " ind2=" "><marc:subfield code="a">Back to the light</marc:subfield><marc:subfield code="b">enr. sonore</marc:subfield><marc:subfield code="f">Brian May</marc:subfield></marc:datafield><marc:datafield tag="210" ind1=" " ind2=" "><marc:subfield code="a">Londres</marc:subfield><marc:subfield code="c">EMI</marc:subfield><marc:subfield code="d">P 1992</marc:subfield></marc:datafield><marc:datafield tag="215" ind1=" " ind2=" "><marc:subfield code="a">1 d.c.</marc:subfield></marc:datafield><marc:datafield tag="327" ind1=" " ind2=" "><marc:subfield code="a">The dark</marc:subfield><marc:subfield code="a">Back to the light</marc:subfield><marc:subfield code="a">Love token</marc:subfield><marc:subfield code="a">Resurction</marc:subfield><marc:subfield code="a">Too much love will kill you</marc:subfield><marc:subfield code="a">Driven by you</marc:subfield><marc:subfield code="a">Nothin&apos;but blue</marc:subfield><marc:subfield code="a">I&apos;m scared</marc:subfield><marc:subfield code="a">Last horizon</marc:subfield><marc:subfield code="a">Let your heart rule your head</marc:subfield><marc:subfield code="a">Just one life</marc:subfield><marc:subfield code="a">Rollin&apos; over</marc:subfield></marc:datafield><marc:datafield tag="339" ind1=" " ind2=" "><marc:subfield code="a">m</marc:subfield></marc:datafield><marc:datafield tag="606" ind1=" " ind2=" "><marc:subfield code="a">Rock (musique)</marc:subfield><marc:subfield code="y">Grande-Bretagne</marc:subfield><marc:subfield code="y">Angleterre (GB)</marc:subfield><marc:subfield code="x">Disques</marc:subfield><marc:subfield code="2">rameau</marc:subfield></marc:datafield><marc:datafield tag="606" ind1=" " ind2=" "><marc:subfield code="7">ba0yba0y</marc:subfield><marc:subfield code="8">fre   </marc:subfield><marc:subfield code="3">12471027</marc:subfield><marc:subfield code="9">166</marc:subfield><marc:subfield code="a">Hard rock</marc:subfield><marc:subfield code="x">Disques</marc:subfield><marc:subfield code="y">Grande-Bretagne</marc:subfield><marc:subfield code="y">Angleterre (GB)</marc:subfield><marc:subfield code="2">rameau</marc:subfield></marc:datafield><marc:datafield tag="606" ind1=" " ind2=" "><marc:subfield code="7">ba0yba0y</marc:subfield><marc:subfield code="8">fre   </marc:subfield><marc:subfield code="3">12293449</marc:subfield><marc:subfield code="9">165</marc:subfield><marc:subfield code="a">Guitare, Musique de (rock)</marc:subfield><marc:subfield code="x">Disques</marc:subfield><marc:subfield code="2">rameau</marc:subfield></marc:datafield><marc:datafield tag="679" ind1=" " ind2=" "><marc:subfield code="a">2</marc:subfield><marc:subfield code="c">50</marc:subfield></marc:datafield><marc:datafield tag="700" ind1="0" ind2=" "><marc:subfield code="9">278983</marc:subfield><marc:subfield code="a">May</marc:subfield><marc:subfield code="b">Brian</marc:subfield><marc:subfield code="f">1947-....</marc:subfield></marc:datafield><marc:datafield tag="801" ind1=" " ind2="0"><marc:subfield code="a">FR</marc:subfield><marc:subfield code="b">595126101</marc:subfield><marc:subfield code="c">20070828</marc:subfield><marc:subfield code="g">AFNOR</marc:subfield></marc:datafield><marc:datafield tag="995" ind1=" " ind2=" "><marc:subfield code="0">0</marc:subfield><marc:subfield code="2">0</marc:subfield><marc:subfield code="4">0</marc:subfield><marc:subfield code="5">2005-03-22</marc:subfield><marc:subfield code="9">210</marc:subfield><marc:subfield code="P">23.48</marc:subfield><marc:subfield code="b">MED</marc:subfield><marc:subfield code="c">MED</marc:subfield><marc:subfield code="e">MED3C</marc:subfield><marc:subfield code="f">C0000405373</marc:subfield><marc:subfield code="h">AMV25ZZ</marc:subfield><marc:subfield code="k">DC/2 MAY 50</marc:subfield><marc:subfield code="o">0</marc:subfield><marc:subfield code="p">23.48</marc:subfield><marc:subfield code="r">PRETSON</marc:subfield><marc:subfield code="s">DC_2_000000000000000_MAY_50</marc:subfield><marc:subfield code="w">39</marc:subfield><marc:subfield code="y">2015-05-26</marc:subfield></marc:datafield></marc:record>