<marc:record><marc:leader>01268nj  a2200277   4500</marc:leader><marc:controlfield tag="001">125</marc:controlfield><marc:controlfield tag="003">http://www.mediathequederoubaix.fr/ark:/20179/KH125</marc:controlfield><marc:controlfield tag="005">20180701143256.0</marc:controlfield><marc:datafield tag="035" ind1="0" ind2="0"><marc:subfield code="a">HZ_RBX271</marc:subfield></marc:datafield><marc:datafield tag="071" ind1="0" ind2="0"><marc:subfield code="b">Polydor</marc:subfield><marc:subfield code="a">517 160-2</marc:subfield></marc:datafield><marc:datafield tag="090" ind1=" " ind2=" "><marc:subfield code="a">125</marc:subfield></marc:datafield><marc:datafield tag="091" ind1=" " ind2=" "><marc:subfield code="a">1</marc:subfield><marc:subfield code="b">20180701</marc:subfield><marc:subfield code="c">0</marc:subfield></marc:datafield><marc:datafield tag="099" ind1=" " ind2=" "><marc:subfield code="t">DC</marc:subfield><marc:subfield code="c">2014-06-30</marc:subfield><marc:subfield code="d">2014-06-30</marc:subfield><marc:subfield code="x">7</marc:subfield></marc:datafield><marc:datafield tag="100" ind1=" " ind2=" "><marc:subfield code="a">19       1992    k  y0frey5003    ba</marc:subfield></marc:datafield><marc:datafield tag="101" ind1=" " ind2=" "><marc:subfield code="a">fre</marc:subfield></marc:datafield><marc:datafield tag="200" ind1=" " ind2=" "><marc:subfield code="a">Twice upon a time</marc:subfield><marc:subfield code="b">Enr. sonore</marc:subfield><marc:subfield code="e">The singles</marc:subfield><marc:subfield code="f">Siouxsie and the Banshees</marc:subfield></marc:datafield><marc:datafield tag="210" ind1=" " ind2=" "><marc:subfield code="a">[U.K.]</marc:subfield><marc:subfield code="c">Polydor</marc:subfield><marc:subfield code="d">Compil. P 1992</marc:subfield></marc:datafield><marc:datafield tag="215" ind1=" " ind2=" "><marc:subfield code="a">1 d.c.</marc:subfield><marc:subfield code="e">1 brochure</marc:subfield></marc:datafield><marc:datafield tag="327" ind1=" " ind2=" "><marc:subfield code="a">Fireworks ; Slowdive ; Melt ; Dear prudence ; Swimming horses ; Dazzle ; Overground (from the thorn) ; Cities in dust ; Candyman ; This wheel&apos;s on fire ; The passenger ; Peek-a-boo ; The killingjar ; The last beat of my heart ; Kiss them for meShadowtime ; Fear (of the unknown) ; Face to face.</marc:subfield></marc:datafield><marc:datafield tag="339" ind1=" " ind2=" "><marc:subfield code="a">m</marc:subfield></marc:datafield><marc:datafield tag="606" ind1=" " ind2=" "><marc:subfield code="a">Rock (musique)</marc:subfield><marc:subfield code="y">Grande-Bretagne</marc:subfield><marc:subfield code="y">Londres (GB)</marc:subfield><marc:subfield code="x">Disques</marc:subfield><marc:subfield code="2">rameau</marc:subfield></marc:datafield><marc:datafield tag="679" ind1=" " ind2=" "><marc:subfield code="a">2</marc:subfield></marc:datafield><marc:datafield tag="702" ind1="0" ind2=" "><marc:subfield code="9">278493</marc:subfield><marc:subfield code="a">Siouxsie</marc:subfield><marc:subfield code="f">1957-....</marc:subfield></marc:datafield><marc:datafield tag="710" ind1="0" ind2=" "><marc:subfield code="9">169</marc:subfield><marc:subfield code="3">13906526</marc:subfield><marc:subfield code="a">Siouxsie and the Banshees</marc:subfield></marc:datafield><marc:datafield tag="801" ind1=" " ind2="0"><marc:subfield code="a">FR</marc:subfield><marc:subfield code="b">595126101</marc:subfield><marc:subfield code="c">20070828</marc:subfield><marc:subfield code="g">AFNOR</marc:subfield></marc:datafield><marc:datafield tag="995" ind1=" " ind2=" "><marc:subfield code="0">0</marc:subfield><marc:subfield code="2">0</marc:subfield><marc:subfield code="4">0</marc:subfield><marc:subfield code="5">2005-03-22</marc:subfield><marc:subfield code="9">213</marc:subfield><marc:subfield code="P">22.26</marc:subfield><marc:subfield code="b">MED</marc:subfield><marc:subfield code="c">MED</marc:subfield><marc:subfield code="e">MED1A</marc:subfield><marc:subfield code="f">C0000405721</marc:subfield><marc:subfield code="h">AMV20ZZ</marc:subfield><marc:subfield code="k">DC/2 SIO</marc:subfield><marc:subfield code="o">0</marc:subfield><marc:subfield code="p">22.26</marc:subfield><marc:subfield code="r">PRETSON</marc:subfield><marc:subfield code="s">DC_2_000000000000000_SIO</marc:subfield><marc:subfield code="w">91</marc:subfield><marc:subfield code="y">2018-06-29</marc:subfield></marc:datafield></marc:record>