<marc:record><marc:leader>01579nj  a2200277   4500</marc:leader><marc:controlfield tag="001">126</marc:controlfield><marc:controlfield tag="005">20180701143256.0</marc:controlfield><marc:datafield tag="035" ind1="0" ind2="0"><marc:subfield code="a">HZ_RBX272</marc:subfield></marc:datafield><marc:datafield tag="071" ind1="0" ind2="0"><marc:subfield code="b">Boucherie Productions</marc:subfield><marc:subfield code="a">514308-2</marc:subfield></marc:datafield><marc:datafield tag="090" ind1=" " ind2=" "><marc:subfield code="a">126</marc:subfield></marc:datafield><marc:datafield tag="091" ind1=" " ind2=" "><marc:subfield code="a">1</marc:subfield><marc:subfield code="b">20180701</marc:subfield><marc:subfield code="c">0</marc:subfield></marc:datafield><marc:datafield tag="099" ind1=" " ind2=" "><marc:subfield code="t">DC</marc:subfield><marc:subfield code="c">2014-06-30</marc:subfield><marc:subfield code="d">2014-06-30</marc:subfield><marc:subfield code="x">4</marc:subfield></marc:datafield><marc:datafield tag="100" ind1=" " ind2=" "><marc:subfield code="a">19       1992    k  y0frey5003    ba</marc:subfield></marc:datafield><marc:datafield tag="101" ind1=" " ind2=" "><marc:subfield code="a">fre</marc:subfield></marc:datafield><marc:datafield tag="200" ind1=" " ind2=" "><marc:subfield code="a">Pigallive</marc:subfield><marc:subfield code="b">Enr. sonore</marc:subfield><marc:subfield code="e">Pigalle en concert</marc:subfield><marc:subfield code="f">Pigalle</marc:subfield></marc:datafield><marc:datafield tag="210" ind1=" " ind2=" "><marc:subfield code="a">Paris</marc:subfield><marc:subfield code="c">Boucherie productions</marc:subfield><marc:subfield code="d">P 1992</marc:subfield></marc:datafield><marc:datafield tag="215" ind1=" " ind2=" "><marc:subfield code="a">1 d.c.</marc:subfield><marc:subfield code="e">brochure</marc:subfield></marc:datafield><marc:datafield tag="306" ind1=" " ind2=" "><marc:subfield code="a">Enr. en public en 1991-92.</marc:subfield></marc:datafield><marc:datafield tag="322" ind1=" " ind2=" "><marc:subfield code="a">François Hadji-Lazaro, voix, fl., banjo, guit, etc.; Boubouche, guit. b. ; Xavier Mesa, batt. ; Ro- bert Bazarte, guit. ; Thierry Svahn, clav. , acrdnSteff Gotkowski, sax.</marc:subfield></marc:datafield><marc:datafield tag="327" ind1=" " ind2=" "><marc:subfield code="a">Dans la salle du bar-tabac... : orgue de barbarie;La Goutte d&apos;Or ; Chez Rascal et Ronan ; Homosexuel ; En bas, en haut ; Le chaland ; Angèle ; L&apos;é- boueur ; première fois ; Pigalle ; Marie la rouquine ; Il boit du café ; Brève rencontre ; Dans la salle du bar-tabac de la rue des Martyrs ; Eternel salauds ; Une nuit ; Franc tireur ; Les lettres del&apos;autoroute ; Sophie de Nantes ; Pauvre grand ; Faits divers ; Paris le soir ; La Goutte d&apos;Or (finLes amants du vieux ponts.</marc:subfield></marc:datafield><marc:datafield tag="339" ind1=" " ind2=" "><marc:subfield code="a">m</marc:subfield></marc:datafield><marc:datafield tag="606" ind1=" " ind2=" "><marc:subfield code="a">Rock (musique)</marc:subfield><marc:subfield code="y">France</marc:subfield><marc:subfield code="x">Disques</marc:subfield><marc:subfield code="2">rameau</marc:subfield></marc:datafield><marc:datafield tag="606" ind1=" " ind2=" "><marc:subfield code="3">12525036</marc:subfield><marc:subfield code="9">172</marc:subfield><marc:subfield code="7">ba0yba0y</marc:subfield><marc:subfield code="8">fre   </marc:subfield><marc:subfield code="a">Rock alternatif</marc:subfield><marc:subfield code="x">Disques</marc:subfield><marc:subfield code="y">France</marc:subfield><marc:subfield code="2">rameau</marc:subfield></marc:datafield><marc:datafield tag="679" ind1=" " ind2=" "><marc:subfield code="a">2</marc:subfield></marc:datafield><marc:datafield tag="710" ind1="0" ind2=" "><marc:subfield code="9">122813</marc:subfield><marc:subfield code="a">Pigalle</marc:subfield></marc:datafield><marc:datafield tag="995" ind1=" " ind2=" "><marc:subfield code="0">0</marc:subfield><marc:subfield code="2">0</marc:subfield><marc:subfield code="3">0</marc:subfield><marc:subfield code="4">0</marc:subfield><marc:subfield code="5">2005-03-22</marc:subfield><marc:subfield code="9">214</marc:subfield><marc:subfield code="P">22.26</marc:subfield><marc:subfield code="b">MED</marc:subfield><marc:subfield code="c">MED</marc:subfield><marc:subfield code="e">MED1A</marc:subfield><marc:subfield code="f">C0000405713</marc:subfield><marc:subfield code="h">AMV80ZZ</marc:subfield><marc:subfield code="k">DC/099.2 PIG</marc:subfield><marc:subfield code="o">0</marc:subfield><marc:subfield code="p">22.26</marc:subfield><marc:subfield code="r">PRETSON</marc:subfield><marc:subfield code="s">DC_099_200000000000000_PIG</marc:subfield><marc:subfield code="w">79</marc:subfield><marc:subfield code="y">2017-12-28</marc:subfield><marc:subfield code="A">0</marc:subfield></marc:datafield></marc:record>