<marc:record><marc:leader>01587nj  a2200253   4500</marc:leader><marc:controlfield tag="001">128</marc:controlfield><marc:controlfield tag="005">20180701143256.0</marc:controlfield><marc:datafield tag="035" ind1="0" ind2="0"><marc:subfield code="a">HZ_RBX274</marc:subfield></marc:datafield><marc:datafield tag="071" ind1="0" ind2="0"><marc:subfield code="b">EMI Classics</marc:subfield><marc:subfield code="a">7 54774 2</marc:subfield></marc:datafield><marc:datafield tag="090" ind1=" " ind2=" "><marc:subfield code="a">128</marc:subfield></marc:datafield><marc:datafield tag="091" ind1=" " ind2=" "><marc:subfield code="a">1</marc:subfield><marc:subfield code="b">20180701</marc:subfield><marc:subfield code="c">0</marc:subfield></marc:datafield><marc:datafield tag="099" ind1=" " ind2=" "><marc:subfield code="t">DC</marc:subfield><marc:subfield code="c">2014-06-30</marc:subfield><marc:subfield code="d">2014-06-30</marc:subfield><marc:subfield code="x">4</marc:subfield></marc:datafield><marc:datafield tag="100" ind1=" " ind2=" "><marc:subfield code="a">19       1992    k  y0frey5003    ba</marc:subfield></marc:datafield><marc:datafield tag="101" ind1=" " ind2=" "><marc:subfield code="a">fre</marc:subfield></marc:datafield><marc:datafield tag="200" ind1=" " ind2=" "><marc:subfield code="a">Extravaganza</marc:subfield><marc:subfield code="b">enr. sonore</marc:subfield><marc:subfield code="f">Félix Mendelssohn, Pablo de Saraste, Fritz Kreisler, Manuel de Falla...[et al.], comp.</marc:subfield><marc:subfield code="g">Ivry Gitlis, vl</marc:subfield><marc:subfield code="g">Shuku Iwasaki, p</marc:subfield></marc:datafield><marc:datafield tag="210" ind1=" " ind2=" "><marc:subfield code="c">EMI</marc:subfield><marc:subfield code="a">[Issy-les-Moulineaux]</marc:subfield><marc:subfield code="d">P 1992</marc:subfield></marc:datafield><marc:datafield tag="215" ind1=" " ind2=" "><marc:subfield code="a">1 d.c.</marc:subfield><marc:subfield code="e">1 brochure</marc:subfield></marc:datafield><marc:datafield tag="327" ind1=" " ind2=" "><marc:subfield code="a">Brise de mai (Romance sans paroles), op. 62 n1̊ / Félix Mendelssohn</marc:subfield><marc:subfield code="a">Introduction et tarentelle, Op. 43 / Pablo de Saraste</marc:subfield><marc:subfield code="a">Syncopation / Fritz Kreisler</marc:subfield><marc:subfield code="a">Jota (Suite populaire espagnole) / Manuel de Falla</marc:subfield><marc:subfield code="a">Méditation, Op. 32 / Alexandre Glazounov</marc:subfield><marc:subfield code="a">Romance andalouse, Op. 22 n2̊ / Pablo de Saraste</marc:subfield><marc:subfield code="a">Tambourin chinois, Op. 3 / Fritz Kreisler</marc:subfield><marc:subfield code="a">Malaguena, Op. 165 n3̊ / Isaac Albeniz</marc:subfield><marc:subfield code="a">Danse hongroise n1̊ / Johannes Brahms</marc:subfield><marc:subfield code="a">Danse espagnole n1̊ (La vie brève) / Manuel de Falla</marc:subfield><marc:subfield code="a">Sonate en sol mineur &quot;Le trille du diable&quot; / Giuseppe Tartini</marc:subfield><marc:subfield code="a">Nocturne posthume / Frédéric Chopin</marc:subfield></marc:datafield><marc:datafield tag="339" ind1=" " ind2=" "><marc:subfield code="a">m</marc:subfield></marc:datafield><marc:datafield tag="606" ind1=" " ind2=" "><marc:subfield code="a">Violon, Musique de</marc:subfield><marc:subfield code="x">Interprétation</marc:subfield><marc:subfield code="2">rameau</marc:subfield></marc:datafield><marc:datafield tag="606" ind1=" " ind2=" "><marc:subfield code="a">Musique</marc:subfield><marc:subfield code="z">19e siècle</marc:subfield><marc:subfield code="x">Disques</marc:subfield><marc:subfield code="2">rameau</marc:subfield></marc:datafield><marc:datafield tag="679" ind1=" " ind2=" "><marc:subfield code="a">3.41</marc:subfield></marc:datafield><marc:datafield tag="701" ind1="0" ind2=" "><marc:subfield code="9">176</marc:subfield><marc:subfield code="3">13893772</marc:subfield><marc:subfield code="7">ba0yba0y</marc:subfield><marc:subfield code="8">fre   </marc:subfield><marc:subfield code="7">ba0yba0y</marc:subfield><marc:subfield code="8">fre   </marc:subfield><marc:subfield code="a">Falla</marc:subfield><marc:subfield code="b">Manuel de</marc:subfield><marc:subfield code="f">1876-1946</marc:subfield></marc:datafield><marc:datafield tag="995" ind1=" " ind2=" "><marc:subfield code="0">0</marc:subfield><marc:subfield code="2">0</marc:subfield><marc:subfield code="3">0</marc:subfield><marc:subfield code="4">0</marc:subfield><marc:subfield code="5">2005-03-22</marc:subfield><marc:subfield code="9">216</marc:subfield><marc:subfield code="P">24.70</marc:subfield><marc:subfield code="b">MED</marc:subfield><marc:subfield code="c">MED</marc:subfield><marc:subfield code="e">MED1A</marc:subfield><marc:subfield code="f">C0000405488</marc:subfield><marc:subfield code="h">AMV30ZZ</marc:subfield><marc:subfield code="k">DC/3.41 GIT  VIOLON</marc:subfield><marc:subfield code="o">0</marc:subfield><marc:subfield code="p">24.70</marc:subfield><marc:subfield code="r">PRETSON</marc:subfield><marc:subfield code="s">DC_3_410000000000000_GIT_VIOLO</marc:subfield><marc:subfield code="w">41</marc:subfield><marc:subfield code="y">2017-07-21</marc:subfield><marc:subfield code="A">0</marc:subfield></marc:datafield></marc:record>