<marc:record><marc:leader>01285nj  a2200301   4500</marc:leader><marc:controlfield tag="001">129</marc:controlfield><marc:controlfield tag="003">http://www.mediathequederoubaix.fr/ark:/20179/KH129</marc:controlfield><marc:controlfield tag="005">20181120212002.0</marc:controlfield><marc:datafield tag="035" ind1="0" ind2="0"><marc:subfield code="a">HZ_RBX276</marc:subfield></marc:datafield><marc:datafield tag="071" ind1="0" ind2="0"><marc:subfield code="b">Relativity Records</marc:subfield><marc:subfield code="a">462972 2</marc:subfield></marc:datafield><marc:datafield tag="090" ind1=" " ind2=" "><marc:subfield code="a">129</marc:subfield></marc:datafield><marc:datafield tag="091" ind1=" " ind2=" "><marc:subfield code="a">1</marc:subfield><marc:subfield code="b">20180701</marc:subfield><marc:subfield code="c">0</marc:subfield></marc:datafield><marc:datafield tag="099" ind1=" " ind2=" "><marc:subfield code="t">DC</marc:subfield><marc:subfield code="c">2014-06-30</marc:subfield><marc:subfield code="d">2014-06-30</marc:subfield><marc:subfield code="x">4</marc:subfield></marc:datafield><marc:datafield tag="100" ind1=" " ind2=" "><marc:subfield code="a">19       1986    k  y0frey5003    ba</marc:subfield></marc:datafield><marc:datafield tag="101" ind1=" " ind2=" "><marc:subfield code="a">fre</marc:subfield></marc:datafield><marc:datafield tag="200" ind1=" " ind2=" "><marc:subfield code="a">Not of this earth</marc:subfield><marc:subfield code="b">enr. sonore</marc:subfield><marc:subfield code="f">Jœ Satriani</marc:subfield></marc:datafield><marc:datafield tag="210" ind1=" " ind2=" "><marc:subfield code="a">[USA]</marc:subfield><marc:subfield code="c">Régie Cassette Vidéo</marc:subfield><marc:subfield code="d">P 1986</marc:subfield></marc:datafield><marc:datafield tag="215" ind1=" " ind2=" "><marc:subfield code="a">1 d.c.</marc:subfield></marc:datafield><marc:datafield tag="323" ind1=" " ind2=" "><marc:subfield code="a">Jeff Campitelli, batt., perc. ; John Cuniberti, perc., vocal.</marc:subfield></marc:datafield><marc:datafield tag="327" ind1=" " ind2=" "><marc:subfield code="a">Not of this earth</marc:subfield><marc:subfield code="a">The snake</marc:subfield><marc:subfield code="a">Rubina</marc:subfield><marc:subfield code="a">Memories</marc:subfield><marc:subfield code="a">Brother John</marc:subfield><marc:subfield code="a">The enigmatic</marc:subfield><marc:subfield code="a">Driving at night</marc:subfield><marc:subfield code="a">Hordes of Lucusts</marc:subfield><marc:subfield code="a">New day</marc:subfield><marc:subfield code="a">The headless hor- seman</marc:subfield></marc:datafield><marc:datafield tag="339" ind1=" " ind2=" "><marc:subfield code="a">m</marc:subfield></marc:datafield><marc:datafield tag="606" ind1=" " ind2=" "><marc:subfield code="9">235970</marc:subfield><marc:subfield code="a">Rock (musique)</marc:subfield><marc:subfield code="y">Etats-Unis</marc:subfield><marc:subfield code="x">Disques</marc:subfield></marc:datafield><marc:datafield tag="606" ind1=" " ind2=" "><marc:subfield code="9">235962</marc:subfield><marc:subfield code="7">ba0yba0y</marc:subfield><marc:subfield code="8">fre   </marc:subfield><marc:subfield code="3">12293449</marc:subfield><marc:subfield code="a">Guitare, Musique de (rock)</marc:subfield><marc:subfield code="x">Disques</marc:subfield></marc:datafield><marc:datafield tag="606" ind1=" " ind2=" "><marc:subfield code="9">235971</marc:subfield><marc:subfield code="7">ba0yba0y</marc:subfield><marc:subfield code="8">fre   </marc:subfield><marc:subfield code="3">12486943</marc:subfield><marc:subfield code="a">Heavy metal</marc:subfield><marc:subfield code="x">Disques</marc:subfield><marc:subfield code="y">Etats-Unis</marc:subfield></marc:datafield><marc:datafield tag="679" ind1=" " ind2=" "><marc:subfield code="a">2</marc:subfield><marc:subfield code="c">50</marc:subfield></marc:datafield><marc:datafield tag="700" ind1="0" ind2=" "><marc:subfield code="9">113896</marc:subfield><marc:subfield code="a">Satriani</marc:subfield><marc:subfield code="b">Joe</marc:subfield><marc:subfield code="f">1956-....</marc:subfield></marc:datafield><marc:datafield tag="801" ind1=" " ind2="0"><marc:subfield code="a">FR</marc:subfield><marc:subfield code="b">595126101</marc:subfield><marc:subfield code="c">20110525</marc:subfield><marc:subfield code="g">AFNOR</marc:subfield></marc:datafield><marc:datafield tag="995" ind1=" " ind2=" "><marc:subfield code="0">0</marc:subfield><marc:subfield code="2">0</marc:subfield><marc:subfield code="4">0</marc:subfield><marc:subfield code="5">2005-03-22</marc:subfield><marc:subfield code="9">217</marc:subfield><marc:subfield code="P">14.18</marc:subfield><marc:subfield code="b">MED</marc:subfield><marc:subfield code="c">MED</marc:subfield><marc:subfield code="e">MED1A</marc:subfield><marc:subfield code="f">C0000405462</marc:subfield><marc:subfield code="h">AMV25ZZ</marc:subfield><marc:subfield code="k">DC/2 SAT 50</marc:subfield><marc:subfield code="o">0</marc:subfield><marc:subfield code="p">14.18</marc:subfield><marc:subfield code="r">PRETSON</marc:subfield><marc:subfield code="s">DC_2_SAT_500000000000000</marc:subfield><marc:subfield code="w">52</marc:subfield><marc:subfield code="y">2018-11-27</marc:subfield></marc:datafield></marc:record>