<marc:record><marc:leader>01464nam  2200373   4500</marc:leader><marc:controlfield tag="001">133</marc:controlfield><marc:controlfield tag="003">http://www.mediathequederoubaix.fr/ark:/20179/KH133</marc:controlfield><marc:datafield tag="010" ind1=" " ind2=" "><marc:subfield code="a">2-234-02559-1</marc:subfield></marc:datafield><marc:datafield tag="020" ind1=" " ind2=" "><marc:subfield code="a">FR</marc:subfield><marc:subfield code="b">09324892</marc:subfield></marc:datafield><marc:datafield tag="021" ind1=" " ind2=" "><marc:subfield code="a">FR</marc:subfield><marc:subfield code="b">DL 93-20204</marc:subfield></marc:datafield><marc:datafield tag="033" ind1=" " ind2=" "><marc:subfield code="a">http://catalogue.bnf.fr/ark:/12148/cb35580350z</marc:subfield></marc:datafield><marc:datafield tag="035" ind1=" " ind2=" "><marc:subfield code="a">FRBNF355803500000003</marc:subfield></marc:datafield><marc:datafield tag="039" ind1=" " ind2=" "><marc:subfield code="o">OPL</marc:subfield><marc:subfield code="a">015383049</marc:subfield></marc:datafield><marc:datafield tag="090" ind1=" " ind2=" "><marc:subfield code="a">133</marc:subfield></marc:datafield><marc:datafield tag="091" ind1=" " ind2=" "><marc:subfield code="b">20180701</marc:subfield><marc:subfield code="c">1</marc:subfield><marc:subfield code="a">2</marc:subfield></marc:datafield><marc:datafield tag="099" ind1=" " ind2=" "><marc:subfield code="t">LI</marc:subfield><marc:subfield code="c">2014-06-30</marc:subfield><marc:subfield code="d">2014-06-30</marc:subfield><marc:subfield code="x">0</marc:subfield></marc:datafield><marc:datafield tag="100" ind1=" " ind2=" "><marc:subfield code="a">19930709d1993    m  y0frey50      ba</marc:subfield></marc:datafield><marc:datafield tag="101" ind1="1" ind2=" "><marc:subfield code="a">fre</marc:subfield><marc:subfield code="c">eng</marc:subfield></marc:datafield><marc:datafield tag="102" ind1=" " ind2=" "><marc:subfield code="a">FR</marc:subfield></marc:datafield><marc:datafield tag="105" ind1=" " ind2=" "><marc:subfield code="a">||||z   00|a|</marc:subfield></marc:datafield><marc:datafield tag="106" ind1=" " ind2=" "><marc:subfield code="a">r</marc:subfield></marc:datafield><marc:datafield tag="200" ind1="1" ind2=" "><marc:subfield code="a">Max et les phagocytes</marc:subfield><marc:subfield code="b">Texte imprimé</marc:subfield><marc:subfield code="e">nouvelles</marc:subfield><marc:subfield code="f">Henry Miller</marc:subfield><marc:subfield code="g">trad. de l&apos;américain par Georges Belmont</marc:subfield></marc:datafield><marc:datafield tag="210" ind1=" " ind2=" "><marc:subfield code="a">Paris</marc:subfield><marc:subfield code="c">Stock</marc:subfield><marc:subfield code="d">1993</marc:subfield><marc:subfield code="e">27-Évreux</marc:subfield><marc:subfield code="g">Impr. Hérissey</marc:subfield></marc:datafield><marc:datafield tag="215" ind1=" " ind2=" "><marc:subfield code="a">267 p.</marc:subfield><marc:subfield code="d">18 cm</marc:subfield></marc:datafield><marc:datafield tag="225" ind1=" " ind2=" "><marc:subfield code="a">Bibliothèque cosmopolite</marc:subfield></marc:datafield><marc:datafield tag="339" ind1=" " ind2=" "><marc:subfield code="a">m</marc:subfield></marc:datafield><marc:datafield tag="410" ind1=" " ind2="0"><marc:subfield code="0">34227458</marc:subfield><marc:subfield code="t">Bibliothèque cosmopolite (Paris)</marc:subfield><marc:subfield code="x">0224-5833</marc:subfield><marc:subfield code="d">1993</marc:subfield></marc:datafield><marc:datafield tag="454" ind1=" " ind2="1"><marc:subfield code="t">Max and the white phagocytes</marc:subfield></marc:datafield><marc:datafield tag="676" ind1=" " ind2=" "><marc:subfield code="a">813.5</marc:subfield><marc:subfield code="v">22</marc:subfield></marc:datafield><marc:datafield tag="686" ind1=" " ind2=" "><marc:subfield code="a">823</marc:subfield><marc:subfield code="2">Cadre de classement de la Bibliographie nationale française</marc:subfield></marc:datafield><marc:datafield tag="700" ind1=" " ind2=" "><marc:subfield code="3">11916130</marc:subfield><marc:subfield code="9">162</marc:subfield><marc:subfield code="o">ISNI0000000121348039</marc:subfield><marc:subfield code="a">Miller</marc:subfield><marc:subfield code="b">Henry</marc:subfield><marc:subfield code="f">1891-1980</marc:subfield><marc:subfield code="4">070</marc:subfield></marc:datafield><marc:datafield tag="702" ind1=" " ind2=" "><marc:subfield code="3">11891098</marc:subfield><marc:subfield code="9">183</marc:subfield><marc:subfield code="o">ISNI0000000123200564</marc:subfield><marc:subfield code="a">Belmont</marc:subfield><marc:subfield code="b">Georges</marc:subfield><marc:subfield code="f">1909-2008</marc:subfield><marc:subfield code="4">730</marc:subfield></marc:datafield><marc:datafield tag="801" ind1=" " ind2="0"><marc:subfield code="a">FR</marc:subfield><marc:subfield code="b">FR-751131015</marc:subfield><marc:subfield code="c">19930709</marc:subfield><marc:subfield code="g">AFNOR</marc:subfield><marc:subfield code="h">FRBNF355803500000003</marc:subfield><marc:subfield code="2">intermrc</marc:subfield></marc:datafield><marc:datafield tag="995" ind1=" " ind2=" "><marc:subfield code="0">0</marc:subfield><marc:subfield code="2">0</marc:subfield><marc:subfield code="4">0</marc:subfield><marc:subfield code="5">2005-03-22</marc:subfield><marc:subfield code="9">221</marc:subfield><marc:subfield code="P">9.15</marc:subfield><marc:subfield code="b">MED</marc:subfield><marc:subfield code="c">MED</marc:subfield><marc:subfield code="e">MED1A</marc:subfield><marc:subfield code="f">C0000236570</marc:subfield><marc:subfield code="h">ALTTCNV</marc:subfield><marc:subfield code="k">NVL/MIL</marc:subfield><marc:subfield code="o">0</marc:subfield><marc:subfield code="p">9.15</marc:subfield><marc:subfield code="r">PRETLIV</marc:subfield><marc:subfield code="s">NVLMIL</marc:subfield><marc:subfield code="w">36</marc:subfield><marc:subfield code="y">2008-08-05</marc:subfield></marc:datafield></marc:record>