<marc:record><marc:leader>02514nj  a2200313   4500</marc:leader><marc:controlfield tag="001">135</marc:controlfield><marc:controlfield tag="003">http://www.mediathequederoubaix.fr/ark:/20179/KH135</marc:controlfield><marc:controlfield tag="005">20180701143257.0</marc:controlfield><marc:datafield tag="035" ind1="0" ind2="0"><marc:subfield code="a">HZ_RBX291</marc:subfield></marc:datafield><marc:datafield tag="071" ind1="0" ind2="0"><marc:subfield code="b">Conseil Général du Nord</marc:subfield><marc:subfield code="a">BCG 0081</marc:subfield></marc:datafield><marc:datafield tag="090" ind1=" " ind2=" "><marc:subfield code="a">135</marc:subfield></marc:datafield><marc:datafield tag="091" ind1=" " ind2=" "><marc:subfield code="a">1</marc:subfield><marc:subfield code="b">20180701</marc:subfield><marc:subfield code="c">0</marc:subfield></marc:datafield><marc:datafield tag="099" ind1=" " ind2=" "><marc:subfield code="t">DC</marc:subfield><marc:subfield code="c">2014-06-30</marc:subfield><marc:subfield code="d">2014-06-30</marc:subfield><marc:subfield code="x">0</marc:subfield></marc:datafield><marc:datafield tag="100" ind1=" " ind2=" "><marc:subfield code="a">19       1993    k  y0frey5003    ba</marc:subfield></marc:datafield><marc:datafield tag="101" ind1=" " ind2=" "><marc:subfield code="a">fre</marc:subfield></marc:datafield><marc:datafield tag="200" ind1=" " ind2=" "><marc:subfield code="a">Le Carnaval dunkerquois</marc:subfield><marc:subfield code="b">Enr. sonore</marc:subfield><marc:subfield code="e">Les 57 vraies chansons du carnaval dunquerquois</marc:subfield><marc:subfield code="f">Michel &quot;Pépé&quot; Decuyper, dir. d&apos;orch.</marc:subfield><marc:subfield code="g">Didier Barroy, dir. artistique</marc:subfield><marc:subfield code="g">Patrice Chatelain, dir. de prod.</marc:subfield></marc:datafield><marc:datafield tag="210" ind1=" " ind2=" "><marc:subfield code="d">[1993]</marc:subfield></marc:datafield><marc:datafield tag="215" ind1=" " ind2=" "><marc:subfield code="a">1 d.c.</marc:subfield><marc:subfield code="e">1 brochure</marc:subfield></marc:datafield><marc:datafield tag="327" ind1=" " ind2=" "><marc:subfield code="a">A Dunkerque</marc:subfield><marc:subfield code="a">Ah si vou voulez d&apos;l&apos;amour</marc:subfield><marc:subfield code="a">Ah Léon!</marc:subfield><marc:subfield code="a">Ah c&apos;qu&apos;elle est courrue la pêche à la morue</marc:subfield><marc:subfield code="a">Qu&apos;est-ce qui darre ?</marc:subfield><marc:subfield code="a">Mets ton beste cletch&apos;</marc:subfield><marc:subfield code="a">Ah c&apos;qu&apos;il a l&apos;air bête</marc:subfield><marc:subfield code="a">Marie patate</marc:subfield><marc:subfield code="a">Marguerite</marc:subfield><marc:subfield code="a">Elle a de grosses tototes</marc:subfield><marc:subfield code="a">En Italie on pisse...</marc:subfield><marc:subfield code="a">Rosalie</marc:subfield><marc:subfield code="a">Est-ce que t&apos;as pas vu la bande</marc:subfield><marc:subfield code="a">Si tu veux pas qu&apos;ta femme t&apos;emmerde</marc:subfield><marc:subfield code="a">La cabaretière</marc:subfield><marc:subfield code="a">Rose la poissonnière</marc:subfield><marc:subfield code="a">Au cinquième étage</marc:subfield><marc:subfield code="a">Chantal</marc:subfield><marc:subfield code="a">Les macaronis</marc:subfield><marc:subfield code="a">Donne un zo</marc:subfield><marc:subfield code="a">As-tu connu ma noot&apos;che</marc:subfield><marc:subfield code="a">La femme à Neche</marc:subfield><marc:subfield code="a">Van de pit</marc:subfield><marc:subfield code="a">L&apos;avion</marc:subfield><marc:subfield code="a">Ben qu&apos;estçà dit...</marc:subfield><marc:subfield code="a">Wiche, wiche</marc:subfield><marc:subfield code="a">Elle n&apos;a jamais connu l&apos;amour</marc:subfield><marc:subfield code="a">Elle travaille à la filature</marc:subfield><marc:subfield code="a">Ma belle mère</marc:subfield><marc:subfield code="a">T&apos;as pas voulu chatouiller mon lézard</marc:subfield><marc:subfield code="a">Le téméraire</marc:subfield><marc:subfield code="a">Marie</marc:subfield><marc:subfield code="a">Et quand on s&apos;aime</marc:subfield><marc:subfield code="a">Ah Léon</marc:subfield><marc:subfield code="a">C&apos;est la noce à Crote</marc:subfield><marc:subfield code="a">On dit qu&apos;Dunkerque est mort</marc:subfield><marc:subfield code="a">Deux sous d&apos;beultekaze</marc:subfield><marc:subfield code="a">Le cakewalk</marc:subfield><marc:subfield code="a">La femme qui m&apos;aura</marc:subfield><marc:subfield code="a">Le tram</marc:subfield><marc:subfield code="a">Les comères d&apos;la rue d&apos;Saint Gilles</marc:subfield><marc:subfield code="a">La musique à papa</marc:subfield><marc:subfield code="a">Toutes les femmes y putent</marc:subfield><marc:subfield code="a">L&apos;amour c&apos;est comme de la salade</marc:subfield><marc:subfield code="a">Aïe, aïe, aïe mon port&apos;monnaie</marc:subfield><marc:subfield code="a">Mets ta main su l&apos;sac</marc:subfield><marc:subfield code="a">Le chat noir</marc:subfield><marc:subfield code="a">Rosalie</marc:subfield><marc:subfield code="a">Pourquoi m&apos;r&apos;gardes tu</marc:subfield><marc:subfield code="a">A la tienne Etienne</marc:subfield><marc:subfield code="a">On vient d&apos;fonder une société</marc:subfield><marc:subfield code="a">N&apos;achètes plus d&apos;alumettes</marc:subfield><marc:subfield code="a">Un wiche, un wiche</marc:subfield><marc:subfield code="a">Où irons-nous le mercredi des cendres</marc:subfield><marc:subfield code="a">Salut à Cô-Pinard</marc:subfield><marc:subfield code="a">Cantate à Jean Bart</marc:subfield><marc:subfield code="a">Final : Vive les enfants d&apos;Jean Bart</marc:subfield></marc:datafield><marc:datafield tag="339" ind1=" " ind2=" "><marc:subfield code="a">m</marc:subfield></marc:datafield><marc:datafield tag="606" ind1=" " ind2=" "><marc:subfield code="9">235972</marc:subfield><marc:subfield code="a">Musique traditionnelle</marc:subfield><marc:subfield code="y">France</marc:subfield><marc:subfield code="x">Disques</marc:subfield></marc:datafield><marc:datafield tag="606" ind1=" " ind2=" "><marc:subfield code="9">235973</marc:subfield><marc:subfield code="a">Musique traditionnelle</marc:subfield><marc:subfield code="y">France</marc:subfield><marc:subfield code="y">Nord</marc:subfield><marc:subfield code="x">Disques</marc:subfield></marc:datafield><marc:datafield tag="606" ind1=" " ind2=" "><marc:subfield code="9">235974</marc:subfield><marc:subfield code="a">Chansons françaises</marc:subfield><marc:subfield code="y">France</marc:subfield><marc:subfield code="y">Dunkerque (Nord)</marc:subfield><marc:subfield code="x">Disques</marc:subfield></marc:datafield><marc:datafield tag="606" ind1=" " ind2=" "><marc:subfield code="9">235975</marc:subfield><marc:subfield code="a">Carnavals, Musique de</marc:subfield><marc:subfield code="x">Disques</marc:subfield></marc:datafield><marc:datafield tag="679" ind1=" " ind2=" "><marc:subfield code="a">095.2</marc:subfield></marc:datafield><marc:datafield tag="700" ind1="0" ind2=" "><marc:subfield code="9">145905</marc:subfield><marc:subfield code="a">Decuyper</marc:subfield><marc:subfield code="b">Michel</marc:subfield></marc:datafield><marc:datafield tag="701" ind1="0" ind2=" "><marc:subfield code="9">145906</marc:subfield><marc:subfield code="a">Barroy</marc:subfield><marc:subfield code="b">Didier</marc:subfield></marc:datafield><marc:datafield tag="701" ind1="0" ind2=" "><marc:subfield code="9">145907</marc:subfield><marc:subfield code="a">Chatelain</marc:subfield><marc:subfield code="b">Patrice</marc:subfield></marc:datafield><marc:datafield tag="995" ind1=" " ind2=" "><marc:subfield code="0">0</marc:subfield><marc:subfield code="2">0</marc:subfield><marc:subfield code="4">0</marc:subfield><marc:subfield code="5">2005-03-22</marc:subfield><marc:subfield code="9">223</marc:subfield><marc:subfield code="P">19.82</marc:subfield><marc:subfield code="b">MED</marc:subfield><marc:subfield code="c">MED</marc:subfield><marc:subfield code="e">MED3C</marc:subfield><marc:subfield code="f">C0000405399</marc:subfield><marc:subfield code="h">PENRSZZ</marc:subfield><marc:subfield code="k">FLRSON DC/363</marc:subfield><marc:subfield code="o">2</marc:subfield><marc:subfield code="p">19.82</marc:subfield><marc:subfield code="r">PRETSON</marc:subfield><marc:subfield code="s">FLRSON_DC363</marc:subfield><marc:subfield code="y">2014-06-30</marc:subfield></marc:datafield></marc:record>