<marc:record><marc:leader>01110nam a2200289   4500</marc:leader><marc:controlfield tag="001">147</marc:controlfield><marc:controlfield tag="003">http://www.mediathequederoubaix.fr/ark:/20179/KH147</marc:controlfield><marc:controlfield tag="005">20170518114242.0</marc:controlfield><marc:datafield tag="010" ind1=" " ind2=" "><marc:subfield code="a">2-226-06305-6</marc:subfield></marc:datafield><marc:datafield tag="033" ind1=" " ind2=" "><marc:subfield code="a">http://catalogue.bnf.fr/ark:/12148/cb35565780s</marc:subfield></marc:datafield><marc:datafield tag="035" ind1=" " ind2=" "><marc:subfield code="a">HZ_</marc:subfield></marc:datafield><marc:datafield tag="090" ind1=" " ind2=" "><marc:subfield code="a">147</marc:subfield></marc:datafield><marc:datafield tag="091" ind1=" " ind2=" "><marc:subfield code="a">0</marc:subfield></marc:datafield><marc:datafield tag="099" ind1=" " ind2=" "><marc:subfield code="t">LI</marc:subfield><marc:subfield code="c">2014-06-30</marc:subfield><marc:subfield code="d">2014-06-30</marc:subfield><marc:subfield code="x">0</marc:subfield></marc:datafield><marc:datafield tag="100" ind1=" " ind2=" "><marc:subfield code="a">19       1993    k  y0frey5003    ba</marc:subfield></marc:datafield><marc:datafield tag="101" ind1=" " ind2=" "><marc:subfield code="a">fre</marc:subfield></marc:datafield><marc:datafield tag="200" ind1=" " ind2=" "><marc:subfield code="a">Albin Michel</marc:subfield><marc:subfield code="e">le roman d&apos;un éditeur</marc:subfield><marc:subfield code="f">Emmanuel Haymann</marc:subfield></marc:datafield><marc:datafield tag="210" ind1=" " ind2=" "><marc:subfield code="a">Paris</marc:subfield><marc:subfield code="c">Albin Michel</marc:subfield><marc:subfield code="d">1993</marc:subfield></marc:datafield><marc:datafield tag="215" ind1=" " ind2=" "><marc:subfield code="a">291 p. -[12] p. de pl.</marc:subfield><marc:subfield code="c">ill., couv. ill.</marc:subfield><marc:subfield code="d">23 cm.</marc:subfield></marc:datafield><marc:datafield tag="320" ind1=" " ind2=" "><marc:subfield code="a">Bibliogr. Index</marc:subfield></marc:datafield><marc:datafield tag="339" ind1=" " ind2=" "><marc:subfield code="a">m</marc:subfield></marc:datafield><marc:datafield tag="600" ind1=" " ind2="0"><marc:subfield code="9">146074</marc:subfield><marc:subfield code="a">Michel</marc:subfield><marc:subfield code="b">Albin</marc:subfield><marc:subfield code="f">1873-1943</marc:subfield></marc:datafield><marc:datafield tag="606" ind1="0" ind2=" "><marc:subfield code="9">235976</marc:subfield><marc:subfield code="a">Éditeurs</marc:subfield><marc:subfield code="y">France</marc:subfield><marc:subfield code="z">20e siècle</marc:subfield></marc:datafield><marc:datafield tag="700" ind1="0" ind2="0"><marc:subfield code="9">37517</marc:subfield><marc:subfield code="7">ba0yba0y</marc:subfield><marc:subfield code="8">fre   </marc:subfield><marc:subfield code="a">Haymann</marc:subfield><marc:subfield code="b">Emmanuel</marc:subfield><marc:subfield code="f">1946-....</marc:subfield></marc:datafield><marc:datafield tag="801" ind1=" " ind2=" "><marc:subfield code="a">FR</marc:subfield><marc:subfield code="b">595126101</marc:subfield><marc:subfield code="c">20120908</marc:subfield><marc:subfield code="g">AFNOR</marc:subfield></marc:datafield><marc:datafield tag="930" ind1=" " ind2=" "><marc:subfield code="5">595126101:C0000237089</marc:subfield><marc:subfield code="b">595126101</marc:subfield><marc:subfield code="a">MAG L/P 8/116 885</marc:subfield><marc:subfield code="e">Fonds patrimonial</marc:subfield></marc:datafield><marc:datafield tag="995" ind1=" " ind2=" "><marc:subfield code="0">0</marc:subfield><marc:subfield code="2">0</marc:subfield><marc:subfield code="4">0</marc:subfield><marc:subfield code="5">2005-03-22</marc:subfield><marc:subfield code="9">235</marc:subfield><marc:subfield code="P">18.29</marc:subfield><marc:subfield code="b">MED</marc:subfield><marc:subfield code="c">MED</marc:subfield><marc:subfield code="e">MED3I</marc:subfield><marc:subfield code="f">C0000237089</marc:subfield><marc:subfield code="h">PPEFGZZ</marc:subfield><marc:subfield code="k">MAG L/P 8/116 885</marc:subfield><marc:subfield code="o">2</marc:subfield><marc:subfield code="p">18.29</marc:subfield><marc:subfield code="r">PRETLIV</marc:subfield><marc:subfield code="s">MAG_LP_8116_885000000000000</marc:subfield><marc:subfield code="w">1</marc:subfield><marc:subfield code="y">2008-07-02</marc:subfield></marc:datafield></marc:record>