<marc:record><marc:leader>02192nj  a2200385   4500</marc:leader><marc:controlfield tag="001">155</marc:controlfield><marc:controlfield tag="003">http://www.mediathequederoubaix.fr/ark:/20179/KH155</marc:controlfield><marc:controlfield tag="005">20180719171459.0</marc:controlfield><marc:datafield tag="035" ind1="0" ind2="0"><marc:subfield code="a">HZ_RBX332</marc:subfield></marc:datafield><marc:datafield tag="071" ind1="0" ind2="0"><marc:subfield code="b">Decca</marc:subfield><marc:subfield code="a">440 100-2</marc:subfield></marc:datafield><marc:datafield tag="090" ind1=" " ind2=" "><marc:subfield code="a">155</marc:subfield></marc:datafield><marc:datafield tag="091" ind1=" " ind2=" "><marc:subfield code="a">1</marc:subfield><marc:subfield code="b">20180701</marc:subfield><marc:subfield code="c">0</marc:subfield></marc:datafield><marc:datafield tag="099" ind1=" " ind2=" "><marc:subfield code="t">DC</marc:subfield><marc:subfield code="c">2014-06-30</marc:subfield><marc:subfield code="d">2014-06-30</marc:subfield><marc:subfield code="x">7</marc:subfield></marc:datafield><marc:datafield tag="100" ind1=" " ind2=" "><marc:subfield code="a">19       1993    k  y0frey5003    ba</marc:subfield></marc:datafield><marc:datafield tag="101" ind1=" " ind2=" "><marc:subfield code="a">fre</marc:subfield></marc:datafield><marc:datafield tag="200" ind1=" " ind2=" "><marc:subfield code="a">Pavarotti and friends</marc:subfield><marc:subfield code="b">Enr. sonore</marc:subfield><marc:subfield code="g">Sting, Zucchero, Lucio Dalla, Neville Brothers...[et al.]</marc:subfield></marc:datafield><marc:datafield tag="210" ind1=" " ind2=" "><marc:subfield code="a">Londres</marc:subfield><marc:subfield code="c">Decca</marc:subfield><marc:subfield code="d">P 1993</marc:subfield></marc:datafield><marc:datafield tag="215" ind1=" " ind2=" "><marc:subfield code="a">1 d.c.</marc:subfield></marc:datafield><marc:datafield tag="305" ind1=" " ind2=" "><marc:subfield code="a">Concert de charité enr. à Modena le 27 septembre 1992</marc:subfield></marc:datafield><marc:datafield tag="327" ind1=" " ind2=" "><marc:subfield code="a">Panis Angelicus / Sting</marc:subfield><marc:subfield code="a">Misere / Zucchero</marc:subfield><marc:subfield code="a">Muoio per te / Sting, Caruso, Lucio Dallo</marc:subfield><marc:subfield code="a">One more day / Neville Brothers</marc:subfield><marc:subfield code="a">Ave Maria / Aaron Neville</marc:subfield><marc:subfield code="a">In Liverpool / Suzanne Véga</marc:subfield><marc:subfield code="a">Sentinel / Mike Oldfield</marc:subfield><marc:subfield code="a">L&apos;urlo / Zucchero</marc:subfield><marc:subfield code="a">Too much love will kill you / Brian May</marc:subfield><marc:subfield code="a">It&apos;s probably me / Sting</marc:subfield><marc:subfield code="a">Room 19 (sha la la la la le) / Bob Geldof</marc:subfield><marc:subfield code="a">Les hommes qui passent / Patricia Kaas</marc:subfield><marc:subfield code="a">LA donna e&apos; Mobile / with Sting ; Zucchero : Lucio Dalla ; Brian May.</marc:subfield></marc:datafield><marc:datafield tag="339" ind1=" " ind2=" "><marc:subfield code="a">m</marc:subfield></marc:datafield><marc:datafield tag="606" ind1=" " ind2=" "><marc:subfield code="a">Ténors</marc:subfield><marc:subfield code="x">Représentations</marc:subfield><marc:subfield code="2">rameau</marc:subfield></marc:datafield><marc:datafield tag="679" ind1=" " ind2=" "><marc:subfield code="a">3.99</marc:subfield></marc:datafield><marc:datafield tag="700" ind1="0" ind2=" "><marc:subfield code="9">4864</marc:subfield><marc:subfield code="3">12404177</marc:subfield><marc:subfield code="7">ba0yba0y</marc:subfield><marc:subfield code="8">fre   </marc:subfield><marc:subfield code="a">Pavarotti</marc:subfield><marc:subfield code="b">Luciano</marc:subfield><marc:subfield code="f">1935-2007</marc:subfield></marc:datafield><marc:datafield tag="702" ind1="0" ind2=" "><marc:subfield code="9">278983</marc:subfield><marc:subfield code="a">May</marc:subfield><marc:subfield code="b">Brian</marc:subfield><marc:subfield code="f">1947-....</marc:subfield></marc:datafield><marc:datafield tag="702" ind1="0" ind2=" "><marc:subfield code="9">5780</marc:subfield><marc:subfield code="7">ba0yba0y</marc:subfield><marc:subfield code="8">fre   </marc:subfield><marc:subfield code="3">12428736</marc:subfield><marc:subfield code="7">ba0yba0y</marc:subfield><marc:subfield code="8">fre   </marc:subfield><marc:subfield code="a">Kaas</marc:subfield><marc:subfield code="b">Patricia</marc:subfield><marc:subfield code="f">1966-....</marc:subfield></marc:datafield><marc:datafield tag="702" ind1="0" ind2=" "><marc:subfield code="9">30362</marc:subfield><marc:subfield code="7">ba0yba0y</marc:subfield><marc:subfield code="8">fre   </marc:subfield><marc:subfield code="3">13931392</marc:subfield><marc:subfield code="7">ba0yba0y</marc:subfield><marc:subfield code="8">fre   </marc:subfield><marc:subfield code="a">Vega</marc:subfield><marc:subfield code="b">Suzanne</marc:subfield><marc:subfield code="f">1959-....</marc:subfield></marc:datafield><marc:datafield tag="702" ind1="0" ind2=" "><marc:subfield code="9">36207</marc:subfield><marc:subfield code="7">ba0yba0y</marc:subfield><marc:subfield code="8">fre   </marc:subfield><marc:subfield code="3">12052216</marc:subfield><marc:subfield code="7">ba0yba0y</marc:subfield><marc:subfield code="8">fre   </marc:subfield><marc:subfield code="a">Geldof</marc:subfield><marc:subfield code="b">Bob</marc:subfield><marc:subfield code="f">1951-....</marc:subfield></marc:datafield><marc:datafield tag="702" ind1="0" ind2=" "><marc:subfield code="9">4208</marc:subfield><marc:subfield code="7">ba0yba0y</marc:subfield><marc:subfield code="8">fre   </marc:subfield><marc:subfield code="3">13928675</marc:subfield><marc:subfield code="7">ba0yba0y</marc:subfield><marc:subfield code="8">fre   </marc:subfield><marc:subfield code="a">Dalla</marc:subfield><marc:subfield code="b">Lucio</marc:subfield><marc:subfield code="f">1943-2012</marc:subfield></marc:datafield><marc:datafield tag="702" ind1="0" ind2=" "><marc:subfield code="9">20946</marc:subfield><marc:subfield code="7">ba0yba0y</marc:subfield><marc:subfield code="8">fre   </marc:subfield><marc:subfield code="3">13931346</marc:subfield><marc:subfield code="7">ba0yba0y</marc:subfield><marc:subfield code="8">fre   </marc:subfield><marc:subfield code="a">Neville</marc:subfield><marc:subfield code="b">Aaron</marc:subfield><marc:subfield code="f">1941-....</marc:subfield></marc:datafield><marc:datafield tag="702" ind1="0" ind2=" "><marc:subfield code="9">8891</marc:subfield><marc:subfield code="7">ba0yba0y</marc:subfield><marc:subfield code="8">fre   </marc:subfield><marc:subfield code="3">13898086</marc:subfield><marc:subfield code="7">ba0yba0y</marc:subfield><marc:subfield code="8">fre   </marc:subfield><marc:subfield code="a">Oldfield</marc:subfield><marc:subfield code="b">Mike</marc:subfield><marc:subfield code="f">1953-....</marc:subfield></marc:datafield><marc:datafield tag="712" ind1="0" ind2=" "><marc:subfield code="9">10835</marc:subfield><marc:subfield code="7">ba0yba0y</marc:subfield><marc:subfield code="8">fre   </marc:subfield><marc:subfield code="3">13923845</marc:subfield><marc:subfield code="7">ba0yba0y</marc:subfield><marc:subfield code="8">fre   </marc:subfield><marc:subfield code="a">Neville Brothers</marc:subfield></marc:datafield><marc:datafield tag="702" ind1="0" ind2=" "><marc:subfield code="9">272720</marc:subfield><marc:subfield code="a">Sting</marc:subfield><marc:subfield code="f">1951-....</marc:subfield></marc:datafield><marc:datafield tag="702" ind1="0" ind2=" "><marc:subfield code="9">272721</marc:subfield><marc:subfield code="a">Zucchero</marc:subfield><marc:subfield code="f">1955-....</marc:subfield></marc:datafield><marc:datafield tag="995" ind1=" " ind2=" "><marc:subfield code="0">0</marc:subfield><marc:subfield code="2">0</marc:subfield><marc:subfield code="3">0</marc:subfield><marc:subfield code="4">0</marc:subfield><marc:subfield code="5">2005-03-22</marc:subfield><marc:subfield code="9">243</marc:subfield><marc:subfield code="P">22.26</marc:subfield><marc:subfield code="b">MED</marc:subfield><marc:subfield code="c">MED</marc:subfield><marc:subfield code="e">MED1A</marc:subfield><marc:subfield code="f">C0000405894</marc:subfield><marc:subfield code="h">AMV30ZZ</marc:subfield><marc:subfield code="k">DC/3.99 PAV CHANT</marc:subfield><marc:subfield code="o">0</marc:subfield><marc:subfield code="p">22.26</marc:subfield><marc:subfield code="r">PRETSON</marc:subfield><marc:subfield code="s">DC_3_990000000000000_PAV_CHANT</marc:subfield><marc:subfield code="w">60</marc:subfield><marc:subfield code="y">2018-05-15</marc:subfield><marc:subfield code="A">0</marc:subfield></marc:datafield></marc:record>