<marc:record><marc:leader>01456nj  a2200301   4500</marc:leader><marc:controlfield tag="001">156</marc:controlfield><marc:controlfield tag="005">20180701143259.0</marc:controlfield><marc:datafield tag="035" ind1="0" ind2="0"><marc:subfield code="a">HZ_RBX334</marc:subfield></marc:datafield><marc:datafield tag="071" ind1="0" ind2="0"><marc:subfield code="b">Polygram</marc:subfield><marc:subfield code="a">512 295-2</marc:subfield></marc:datafield><marc:datafield tag="090" ind1=" " ind2=" "><marc:subfield code="a">156</marc:subfield></marc:datafield><marc:datafield tag="091" ind1=" " ind2=" "><marc:subfield code="a">1</marc:subfield><marc:subfield code="b">20180701</marc:subfield><marc:subfield code="c">0</marc:subfield></marc:datafield><marc:datafield tag="099" ind1=" " ind2=" "><marc:subfield code="t">DC</marc:subfield><marc:subfield code="c">2014-06-30</marc:subfield><marc:subfield code="d">2014-06-30</marc:subfield><marc:subfield code="x">0</marc:subfield></marc:datafield><marc:datafield tag="100" ind1=" " ind2=" "><marc:subfield code="a">19       1992    k  y0frey5003    ba</marc:subfield></marc:datafield><marc:datafield tag="101" ind1=" " ind2=" "><marc:subfield code="a">fre</marc:subfield></marc:datafield><marc:datafield tag="200" ind1=" " ind2=" "><marc:subfield code="a">Hat snatcher</marc:subfield><marc:subfield code="b">enr. sonore</marc:subfield><marc:subfield code="f">Ceccarelli Trio</marc:subfield></marc:datafield><marc:datafield tag="210" ind1=" " ind2=" "><marc:subfield code="a">[Paris]</marc:subfield><marc:subfield code="c">Polygram</marc:subfield><marc:subfield code="d">P 1992</marc:subfield></marc:datafield><marc:datafield tag="215" ind1=" " ind2=" "><marc:subfield code="a">1 d.c.</marc:subfield><marc:subfield code="e">1 dépliant</marc:subfield></marc:datafield><marc:datafield tag="323" ind1=" " ind2=" "><marc:subfield code="a">André Ceccarelli, batt. ; Thierry Eliez, claviers, chant ; Jean-Marc Jafet, guit.b ; Didier Lockwood, vl ; Jean-Paul Ceccarelli, batt. ; Mila Lumbroso, chœurs ; Bernard Arcadio, chœurs.</marc:subfield></marc:datafield><marc:datafield tag="327" ind1=" " ind2=" "><marc:subfield code="a">Hat snatcher : rauba capeu</marc:subfield><marc:subfield code="a">Dreaming : vocal</marc:subfield><marc:subfield code="a">Paname</marc:subfield><marc:subfield code="a">April in Paris</marc:subfield><marc:subfield code="a">In your heart</marc:subfield><marc:subfield code="a">For Al from us all</marc:subfield><marc:subfield code="a">After dinner</marc:subfield><marc:subfield code="a">Orca : vocal</marc:subfield><marc:subfield code="a">New-York lament</marc:subfield><marc:subfield code="a">Age of computers : vocal</marc:subfield><marc:subfield code="a">D&apos; aqui d&apos;aia</marc:subfield></marc:datafield><marc:datafield tag="339" ind1=" " ind2=" "><marc:subfield code="a">m</marc:subfield></marc:datafield><marc:datafield tag="606" ind1=" " ind2=" "><marc:subfield code="a">Jazz</marc:subfield><marc:subfield code="y">France</marc:subfield><marc:subfield code="x">Disques</marc:subfield><marc:subfield code="2">rameau</marc:subfield></marc:datafield><marc:datafield tag="606" ind1=" " ind2=" "><marc:subfield code="3">12471049</marc:subfield><marc:subfield code="9">216</marc:subfield><marc:subfield code="a">Batterie, Musique de (jazz)</marc:subfield><marc:subfield code="x">Disques</marc:subfield><marc:subfield code="2">rameau</marc:subfield></marc:datafield><marc:datafield tag="679" ind1=" " ind2=" "><marc:subfield code="a">1</marc:subfield><marc:subfield code="c">80</marc:subfield></marc:datafield><marc:datafield tag="702" ind1="0" ind2=" "><marc:subfield code="9">146178</marc:subfield><marc:subfield code="a">Lumbroso</marc:subfield><marc:subfield code="b">Mila</marc:subfield></marc:datafield><marc:datafield tag="710" ind1=" " ind2=" "><marc:subfield code="9">139521</marc:subfield><marc:subfield code="a">Ceccarelli Trio</marc:subfield></marc:datafield><marc:datafield tag="801" ind1=" " ind2=" "><marc:subfield code="a">FR</marc:subfield><marc:subfield code="b">595126101</marc:subfield><marc:subfield code="c">20160131</marc:subfield><marc:subfield code="g">AFNOR</marc:subfield></marc:datafield><marc:datafield tag="995" ind1=" " ind2=" "><marc:subfield code="0">0</marc:subfield><marc:subfield code="2">0</marc:subfield><marc:subfield code="4">0</marc:subfield><marc:subfield code="5">2005-03-22</marc:subfield><marc:subfield code="9">244</marc:subfield><marc:subfield code="P">22.18</marc:subfield><marc:subfield code="b">MED</marc:subfield><marc:subfield code="c">MED</marc:subfield><marc:subfield code="e">MED3C</marc:subfield><marc:subfield code="f">C0000020369</marc:subfield><marc:subfield code="h">PENRSZZ</marc:subfield><marc:subfield code="k">FLRSON DC/521</marc:subfield><marc:subfield code="o">2</marc:subfield><marc:subfield code="p">22.18</marc:subfield><marc:subfield code="r">PRETSON</marc:subfield><marc:subfield code="s">FLRSON_DC521</marc:subfield><marc:subfield code="y">2014-06-30</marc:subfield></marc:datafield><marc:datafield tag="995" ind1=" " ind2=" "><marc:subfield code="0">0</marc:subfield><marc:subfield code="2">2</marc:subfield><marc:subfield code="3">0</marc:subfield><marc:subfield code="4">0</marc:subfield><marc:subfield code="5">2005-03-22</marc:subfield><marc:subfield code="9">245</marc:subfield><marc:subfield code="P">22.26</marc:subfield><marc:subfield code="b">MED</marc:subfield><marc:subfield code="c">MED</marc:subfield><marc:subfield code="e">MED1A</marc:subfield><marc:subfield code="f">C0000405632</marc:subfield><marc:subfield code="h">AMV13ZZ</marc:subfield><marc:subfield code="k">DC/1 CEC 80</marc:subfield><marc:subfield code="o">4</marc:subfield><marc:subfield code="p">22.26</marc:subfield><marc:subfield code="r">PRETSON</marc:subfield><marc:subfield code="s">DC_1_000000000000000_CEC_80</marc:subfield><marc:subfield code="w">18</marc:subfield><marc:subfield code="y">2015-05-07</marc:subfield><marc:subfield code="A">0</marc:subfield></marc:datafield></marc:record>