<marc:record><marc:leader>01287nj  a2200289   4500</marc:leader><marc:controlfield tag="001">162</marc:controlfield><marc:controlfield tag="003">http://www.mediathequederoubaix.fr/ark:/20179/KH162</marc:controlfield><marc:controlfield tag="005">20180701143259.0</marc:controlfield><marc:datafield tag="035" ind1="0" ind2="0"><marc:subfield code="a">HZ_RBX347</marc:subfield></marc:datafield><marc:datafield tag="071" ind1="0" ind2="0"><marc:subfield code="b">Scotti Records</marc:subfield><marc:subfield code="a">514 329-2</marc:subfield></marc:datafield><marc:datafield tag="090" ind1=" " ind2=" "><marc:subfield code="a">162</marc:subfield></marc:datafield><marc:datafield tag="091" ind1=" " ind2=" "><marc:subfield code="a">1</marc:subfield><marc:subfield code="b">20180701</marc:subfield><marc:subfield code="c">0</marc:subfield></marc:datafield><marc:datafield tag="099" ind1=" " ind2=" "><marc:subfield code="t">DC</marc:subfield><marc:subfield code="c">2014-06-30</marc:subfield><marc:subfield code="d">2014-06-30</marc:subfield><marc:subfield code="x">2</marc:subfield></marc:datafield><marc:datafield tag="100" ind1=" " ind2=" "><marc:subfield code="a">19       1992    k  y0frey5003    ba</marc:subfield></marc:datafield><marc:datafield tag="101" ind1=" " ind2=" "><marc:subfield code="a">fre</marc:subfield></marc:datafield><marc:datafield tag="200" ind1=" " ind2=" "><marc:subfield code="a">Universal James</marc:subfield><marc:subfield code="b">enr. sonore</marc:subfield><marc:subfield code="f">James Brown</marc:subfield><marc:subfield code="g">Will Mowat, clav.</marc:subfield><marc:subfield code="g">Tyrell Santiel, perc.</marc:subfield><marc:subfield code="g">Glenn Nightingale, guit,...[et al]</marc:subfield></marc:datafield><marc:datafield tag="210" ind1=" " ind2=" "><marc:subfield code="a">[U.S.A.]</marc:subfield><marc:subfield code="c">Polygram</marc:subfield><marc:subfield code="d">P 1992</marc:subfield></marc:datafield><marc:datafield tag="215" ind1=" " ind2=" "><marc:subfield code="a">1 d.c.</marc:subfield><marc:subfield code="e">1 dépliant</marc:subfield></marc:datafield><marc:datafield tag="323" ind1=" " ind2=" "><marc:subfield code="a">Michael Hunter, trp. ; Michael Fahn, trb ; Carl Denson, saxo ; Lamya Al-Mugheiry, perc. ;</marc:subfield></marc:datafield><marc:datafield tag="327" ind1=" " ind2=" "><marc:subfield code="a">Can&apos;t get any harder</marc:subfield><marc:subfield code="a">Just do it</marc:subfield><marc:subfield code="a">Mine all mine</marc:subfield><marc:subfield code="a">Watch me</marc:subfield><marc:subfield code="a">Georgia-Lina</marc:subfield><marc:subfield code="a">Show me your friends</marc:subfield><marc:subfield code="a">Everybody&apos;s got a thang</marc:subfield><marc:subfield code="a">How long</marc:subfield><marc:subfield code="a">Make it funky2000</marc:subfield><marc:subfield code="a">Moments</marc:subfield></marc:datafield><marc:datafield tag="339" ind1=" " ind2=" "><marc:subfield code="a">m</marc:subfield></marc:datafield><marc:datafield tag="606" ind1=" " ind2=" "><marc:subfield code="7">ba0yba0y</marc:subfield><marc:subfield code="8">fre   </marc:subfield><marc:subfield code="3">11933300</marc:subfield><marc:subfield code="9">225</marc:subfield><marc:subfield code="a">Soul music</marc:subfield><marc:subfield code="x">Disques</marc:subfield><marc:subfield code="y">Etats-Unis</marc:subfield><marc:subfield code="2">rameau</marc:subfield></marc:datafield><marc:datafield tag="679" ind1=" " ind2=" "><marc:subfield code="a">180</marc:subfield></marc:datafield><marc:datafield tag="702" ind1="0" ind2=" "><marc:subfield code="9">146181</marc:subfield><marc:subfield code="a">Jazzie B.</marc:subfield></marc:datafield><marc:datafield tag="711" ind1="0" ind2=" "><marc:subfield code="9">122814</marc:subfield><marc:subfield code="a">Leaders of the New School</marc:subfield></marc:datafield><marc:datafield tag="700" ind1="0" ind2=" "><marc:subfield code="9">95432</marc:subfield><marc:subfield code="a">Brown</marc:subfield><marc:subfield code="b">James</marc:subfield><marc:subfield code="f">1933-2006</marc:subfield></marc:datafield><marc:datafield tag="995" ind1=" " ind2=" "><marc:subfield code="0">0</marc:subfield><marc:subfield code="2">0</marc:subfield><marc:subfield code="4">0</marc:subfield><marc:subfield code="5">2005-03-22</marc:subfield><marc:subfield code="9">251</marc:subfield><marc:subfield code="P">22.26</marc:subfield><marc:subfield code="b">MED</marc:subfield><marc:subfield code="c">MED</marc:subfield><marc:subfield code="e">MED3C</marc:subfield><marc:subfield code="f">C0000405666</marc:subfield><marc:subfield code="h">AMV14ZZ</marc:subfield><marc:subfield code="k">DC/180 BRO</marc:subfield><marc:subfield code="o">0</marc:subfield><marc:subfield code="p">22.26</marc:subfield><marc:subfield code="r">PRETSON</marc:subfield><marc:subfield code="s">DC_180_000000000000000_BRO</marc:subfield><marc:subfield code="w">80</marc:subfield><marc:subfield code="y">2015-11-27</marc:subfield></marc:datafield></marc:record>