<marc:record><marc:leader>01505nj  a2200253   4500</marc:leader><marc:controlfield tag="001">163</marc:controlfield><marc:controlfield tag="003">http://www.mediathequederoubaix.fr/ark:/20179/KH163</marc:controlfield><marc:controlfield tag="005">20180701143259.0</marc:controlfield><marc:datafield tag="035" ind1="0" ind2="0"><marc:subfield code="a">HZ_RBX350</marc:subfield></marc:datafield><marc:datafield tag="071" ind1="0" ind2="0"><marc:subfield code="b">Touchstone Pictures</marc:subfield><marc:subfield code="a">25029</marc:subfield></marc:datafield><marc:datafield tag="090" ind1=" " ind2=" "><marc:subfield code="a">163</marc:subfield></marc:datafield><marc:datafield tag="091" ind1=" " ind2=" "><marc:subfield code="a">1</marc:subfield><marc:subfield code="b">20180701</marc:subfield><marc:subfield code="c">0</marc:subfield></marc:datafield><marc:datafield tag="099" ind1=" " ind2=" "><marc:subfield code="t">DC</marc:subfield><marc:subfield code="c">2014-06-30</marc:subfield><marc:subfield code="d">2014-06-30</marc:subfield><marc:subfield code="x">12</marc:subfield></marc:datafield><marc:datafield tag="100" ind1=" " ind2=" "><marc:subfield code="a">19       1992    k  y0frey5003    ba</marc:subfield></marc:datafield><marc:datafield tag="101" ind1=" " ind2=" "><marc:subfield code="a">fre</marc:subfield></marc:datafield><marc:datafield tag="200" ind1=" " ind2=" "><marc:subfield code="a">Sister Act</marc:subfield><marc:subfield code="b">Enr. sonore</marc:subfield><marc:subfield code="e">Music from the original motion picture soudtrack</marc:subfield><marc:subfield code="f">Marc Shaiman</marc:subfield></marc:datafield><marc:datafield tag="210" ind1=" " ind2=" "><marc:subfield code="a">[Paris]</marc:subfield><marc:subfield code="c">Fnac Music</marc:subfield><marc:subfield code="c">Wotre Music Distribution [distrib.]</marc:subfield><marc:subfield code="d">P 1992</marc:subfield></marc:datafield><marc:datafield tag="215" ind1=" " ind2=" "><marc:subfield code="a">1 d.c.</marc:subfield><marc:subfield code="d">12 cm.</marc:subfield></marc:datafield><marc:datafield tag="327" ind1=" " ind2=" "><marc:subfield code="a">The lounge medley / Deloris ı the Sisters. The Murder ; Getting into the habit / Marc Shaiman. Rescue me / Fontella Bass. Hail Holy Queen / Deloris ı the Sisters. Roll with me Henry / Etta James. Gravy / Dee Dee Sharp. My Guy (My God) / Deloris ı the Sisters. Just a touch of love (Everyday)/ C ı C Music Factory. Deloris is kidnapped ; Nuns to the rescue / Marc Shaiman. Finale : I will follow him (&quot;Chariot&quot;)/ Deloris ı the Sisters. Shout / Deloris ı the Sisters ı the Ronelles. If my sister&apos;s in trouble / Lady Soul.</marc:subfield></marc:datafield><marc:datafield tag="339" ind1=" " ind2=" "><marc:subfield code="a">m</marc:subfield></marc:datafield><marc:datafield tag="606" ind1=" " ind2=" "><marc:subfield code="a">Musique de film</marc:subfield><marc:subfield code="x">Disques</marc:subfield><marc:subfield code="2">rameau</marc:subfield></marc:datafield><marc:datafield tag="700" ind1="0" ind2=" "><marc:subfield code="9">18574</marc:subfield><marc:subfield code="7">ba0yba0y</marc:subfield><marc:subfield code="8">fre   </marc:subfield><marc:subfield code="3">13999049</marc:subfield><marc:subfield code="7">ba0yba0y</marc:subfield><marc:subfield code="8">fre   </marc:subfield><marc:subfield code="a">Shaiman</marc:subfield><marc:subfield code="b">Marc</marc:subfield><marc:subfield code="f">1959-....</marc:subfield></marc:datafield><marc:datafield tag="801" ind1=" " ind2="0"><marc:subfield code="a">FR</marc:subfield><marc:subfield code="b">595126101</marc:subfield><marc:subfield code="c">20070828</marc:subfield><marc:subfield code="g">AFNOR</marc:subfield></marc:datafield><marc:datafield tag="995" ind1=" " ind2=" "><marc:subfield code="0">0</marc:subfield><marc:subfield code="2">0</marc:subfield><marc:subfield code="4">0</marc:subfield><marc:subfield code="5">2005-03-22</marc:subfield><marc:subfield code="9">252</marc:subfield><marc:subfield code="P">23.32</marc:subfield><marc:subfield code="b">MED</marc:subfield><marc:subfield code="c">MED</marc:subfield><marc:subfield code="e">MED1A</marc:subfield><marc:subfield code="f">C0000405828</marc:subfield><marc:subfield code="h">AAPCIMF</marc:subfield><marc:subfield code="k">DC/520 SIS</marc:subfield><marc:subfield code="o">0</marc:subfield><marc:subfield code="p">23.32</marc:subfield><marc:subfield code="r">PRETSON</marc:subfield><marc:subfield code="s">DC_520_000000000000000_SIS</marc:subfield><marc:subfield code="w">187</marc:subfield><marc:subfield code="y">2018-05-29</marc:subfield></marc:datafield></marc:record>