<marc:record><marc:leader>02150nj  a2200421   4500</marc:leader><marc:controlfield tag="001">164</marc:controlfield><marc:controlfield tag="003">http://www.mediathequederoubaix.fr/ark:/20179/KH164</marc:controlfield><marc:controlfield tag="005">20181109212002.0</marc:controlfield><marc:datafield tag="035" ind1="0" ind2="0"><marc:subfield code="a">HZ_RBX351</marc:subfield></marc:datafield><marc:datafield tag="071" ind1="0" ind2="0"><marc:subfield code="b">RCA</marc:subfield><marc:subfield code="a">74321132672</marc:subfield></marc:datafield><marc:datafield tag="090" ind1=" " ind2=" "><marc:subfield code="a">164</marc:subfield></marc:datafield><marc:datafield tag="091" ind1=" " ind2=" "><marc:subfield code="a">1</marc:subfield><marc:subfield code="b">20180701</marc:subfield><marc:subfield code="c">0</marc:subfield></marc:datafield><marc:datafield tag="099" ind1=" " ind2=" "><marc:subfield code="t">DC</marc:subfield><marc:subfield code="c">2014-06-30</marc:subfield><marc:subfield code="d">2014-06-30</marc:subfield><marc:subfield code="x">10</marc:subfield></marc:datafield><marc:datafield tag="100" ind1=" " ind2=" "><marc:subfield code="a">19       1993    k  y0frey5003    ba</marc:subfield></marc:datafield><marc:datafield tag="101" ind1=" " ind2=" "><marc:subfield code="a">fre</marc:subfield></marc:datafield><marc:datafield tag="200" ind1=" " ind2=" "><marc:subfield code="a">Crooners</marc:subfield><marc:subfield code="b">Enr. sonore</marc:subfield><marc:subfield code="f">Engelbert</marc:subfield><marc:subfield code="g">Eric Carmen</marc:subfield><marc:subfield code="g">Tom Jones</marc:subfield><marc:subfield code="g">Jimmy Buffett,...[et al.]</marc:subfield></marc:datafield><marc:datafield tag="210" ind1=" " ind2=" "><marc:subfield code="a">[Paris]</marc:subfield><marc:subfield code="c">BMG France</marc:subfield><marc:subfield code="d">P 1993</marc:subfield></marc:datafield><marc:datafield tag="215" ind1=" " ind2=" "><marc:subfield code="a">1 d.c.</marc:subfield></marc:datafield><marc:datafield tag="327" ind1=" " ind2=" "><marc:subfield code="a">Always on my mind / Englebert. All by myself / E. Carmen. Move closer / T. Jones. Stars fell on Ala-bama / J. Buffett. Put your head on my shoulder / P. Anka. My cup runneth over /E. James. Sweet an innicent / R. Orbison. Funny how time slips away /J. Elledge. I almost lost my mind / P. Boone. Try to remember / P. Como. Unforgettable / B. Benton. Scarlet Ribbons / H. Belafonte. Guess who / J. Belvin. As time gœs by / H. Nilsson. Sugar / L. Red-bone. Mona Lisa / B. Crosby. Lazy River / L. Arms-trong. Autumn lives / T. Martin. Sweet Lorraine / N. King Cole. Dolores / F. Sinatra. My way (live)/E. Presley.</marc:subfield></marc:datafield><marc:datafield tag="339" ind1=" " ind2=" "><marc:subfield code="a">m</marc:subfield></marc:datafield><marc:datafield tag="606" ind1=" " ind2=" "><marc:subfield code="a">Crooner</marc:subfield><marc:subfield code="x">Disques</marc:subfield><marc:subfield code="2">rameau</marc:subfield></marc:datafield><marc:datafield tag="606" ind1=" " ind2=" "><marc:subfield code="a">Musique traditionnelle</marc:subfield><marc:subfield code="x">Etats-Unis</marc:subfield><marc:subfield code="2">rameau</marc:subfield></marc:datafield><marc:datafield tag="679" ind1=" " ind2=" "><marc:subfield code="a">060.2</marc:subfield></marc:datafield><marc:datafield tag="701" ind1="0" ind2=" "><marc:subfield code="9">146446</marc:subfield><marc:subfield code="a">Englebert</marc:subfield></marc:datafield><marc:datafield tag="701" ind1="0" ind2=" "><marc:subfield code="9">146447</marc:subfield><marc:subfield code="a">Carmen</marc:subfield><marc:subfield code="b">Eric</marc:subfield></marc:datafield><marc:datafield tag="701" ind1="0" ind2=" "><marc:subfield code="9">146448</marc:subfield><marc:subfield code="a">Elledge</marc:subfield><marc:subfield code="b">Jimmy</marc:subfield></marc:datafield><marc:datafield tag="701" ind1="0" ind2=" "><marc:subfield code="9">278985</marc:subfield><marc:subfield code="a">Boone</marc:subfield><marc:subfield code="b">Pat</marc:subfield><marc:subfield code="f">1934-....</marc:subfield></marc:datafield><marc:datafield tag="701" ind1="0" ind2=" "><marc:subfield code="9">146449</marc:subfield><marc:subfield code="a">Martin</marc:subfield><marc:subfield code="b">Tony</marc:subfield></marc:datafield><marc:datafield tag="701" ind1="0" ind2=" "><marc:subfield code="9">24619</marc:subfield><marc:subfield code="3">13934452</marc:subfield><marc:subfield code="a">Buffett</marc:subfield><marc:subfield code="b">Jimmy</marc:subfield><marc:subfield code="f">1946-....</marc:subfield></marc:datafield><marc:datafield tag="701" ind1="0" ind2=" "><marc:subfield code="9">606</marc:subfield><marc:subfield code="3">13890884</marc:subfield><marc:subfield code="a">Armstrong</marc:subfield><marc:subfield code="b">Louis</marc:subfield><marc:subfield code="f">1901-1971</marc:subfield></marc:datafield><marc:datafield tag="701" ind1="0" ind2=" "><marc:subfield code="9">4062</marc:subfield><marc:subfield code="3">13891304</marc:subfield><marc:subfield code="a">Belafonte</marc:subfield><marc:subfield code="b">Harry</marc:subfield><marc:subfield code="f">1927-....</marc:subfield></marc:datafield><marc:datafield tag="701" ind1="0" ind2=" "><marc:subfield code="9">21991</marc:subfield><marc:subfield code="3">13184858</marc:subfield><marc:subfield code="a">Anka</marc:subfield><marc:subfield code="b">Paul</marc:subfield><marc:subfield code="f">1941-....</marc:subfield></marc:datafield><marc:datafield tag="701" ind1="0" ind2=" "><marc:subfield code="9">146445</marc:subfield><marc:subfield code="3">13891370</marc:subfield><marc:subfield code="a">Benton</marc:subfield><marc:subfield code="b">Brook</marc:subfield><marc:subfield code="f">1931-1988</marc:subfield></marc:datafield><marc:datafield tag="701" ind1="0" ind2=" "><marc:subfield code="9">280545</marc:subfield><marc:subfield code="a">Jones</marc:subfield><marc:subfield code="b">Tom</marc:subfield><marc:subfield code="f">1940-....</marc:subfield></marc:datafield><marc:datafield tag="701" ind1="0" ind2=" "><marc:subfield code="9">117308</marc:subfield><marc:subfield code="a">Sinatra</marc:subfield><marc:subfield code="b">Frank</marc:subfield><marc:subfield code="f">1915-1998</marc:subfield></marc:datafield><marc:datafield tag="701" ind1="0" ind2=" "><marc:subfield code="9">2437</marc:subfield><marc:subfield code="a">Presley</marc:subfield><marc:subfield code="b">Elvis</marc:subfield><marc:subfield code="f">1935-1977</marc:subfield><marc:subfield code="3">13898654</marc:subfield></marc:datafield><marc:datafield tag="801" ind1=" " ind2=" "><marc:subfield code="a">FR</marc:subfield><marc:subfield code="b">595126101</marc:subfield><marc:subfield code="c">20160127</marc:subfield><marc:subfield code="g">AFNOR</marc:subfield></marc:datafield><marc:datafield tag="995" ind1=" " ind2=" "><marc:subfield code="0">0</marc:subfield><marc:subfield code="2">0</marc:subfield><marc:subfield code="4">0</marc:subfield><marc:subfield code="5">2005-03-22</marc:subfield><marc:subfield code="9">253</marc:subfield><marc:subfield code="P">23.32</marc:subfield><marc:subfield code="b">MED</marc:subfield><marc:subfield code="c">MED</marc:subfield><marc:subfield code="e">MED1A</marc:subfield><marc:subfield code="f">C0000405810</marc:subfield><marc:subfield code="h">AMV90ZZ</marc:subfield><marc:subfield code="k">DC/061.2 CRO</marc:subfield><marc:subfield code="o">0</marc:subfield><marc:subfield code="p">23.32</marc:subfield><marc:subfield code="r">PRETSON</marc:subfield><marc:subfield code="s">DC_061_200000000000000_CRO</marc:subfield><marc:subfield code="w">122</marc:subfield><marc:subfield code="y">2018-11-24</marc:subfield></marc:datafield></marc:record>