<marc:record><marc:leader>01392nj  a2200313   4500</marc:leader><marc:controlfield tag="001">165</marc:controlfield><marc:controlfield tag="003">http://www.mediathequederoubaix.fr/ark:/20179/KH165</marc:controlfield><marc:controlfield tag="005">20180701143259.0</marc:controlfield><marc:datafield tag="035" ind1="0" ind2="0"><marc:subfield code="a">HZ_RBX353</marc:subfield></marc:datafield><marc:datafield tag="071" ind1="0" ind2="0"><marc:subfield code="b">Silvertone Records</marc:subfield><marc:subfield code="a">01241 41498 2</marc:subfield></marc:datafield><marc:datafield tag="090" ind1=" " ind2=" "><marc:subfield code="a">165</marc:subfield></marc:datafield><marc:datafield tag="091" ind1=" " ind2=" "><marc:subfield code="a">1</marc:subfield><marc:subfield code="b">20180701</marc:subfield><marc:subfield code="c">0</marc:subfield></marc:datafield><marc:datafield tag="099" ind1=" " ind2=" "><marc:subfield code="t">DC</marc:subfield><marc:subfield code="c">2014-06-30</marc:subfield><marc:subfield code="d">2014-06-30</marc:subfield><marc:subfield code="x">7</marc:subfield></marc:datafield><marc:datafield tag="100" ind1=" " ind2=" "><marc:subfield code="a">19       1993    k  y0frey5003    ba</marc:subfield></marc:datafield><marc:datafield tag="101" ind1=" " ind2=" "><marc:subfield code="a">fre</marc:subfield></marc:datafield><marc:datafield tag="200" ind1=" " ind2=" "><marc:subfield code="a">Feels like rain</marc:subfield><marc:subfield code="b">enr. sonore</marc:subfield><marc:subfield code="f">Budy Guy</marc:subfield></marc:datafield><marc:datafield tag="210" ind1=" " ind2=" "><marc:subfield code="a">[U.S.A.]</marc:subfield><marc:subfield code="c">Silverstone Records</marc:subfield><marc:subfield code="c">BMG France [distrib.]</marc:subfield><marc:subfield code="d">P 1993</marc:subfield></marc:datafield><marc:datafield tag="215" ind1=" " ind2=" "><marc:subfield code="a">1 d.c.</marc:subfield><marc:subfield code="e">dépliant</marc:subfield></marc:datafield><marc:datafield tag="322" ind1=" " ind2=" "><marc:subfield code="a">John Porter, R.S. Field, Dave McNair, prod.</marc:subfield></marc:datafield><marc:datafield tag="323" ind1=" " ind2=" "><marc:subfield code="a">Ian McLagan, p. ; Johnny Lee Schell, guit. ; J. Porter, guit. ; Greg Rzab, guit. b. ; Richie Hay- ward, batt. ;...[et al].</marc:subfield></marc:datafield><marc:datafield tag="327" ind1=" " ind2=" "><marc:subfield code="a">She&apos;s a superstrar</marc:subfield><marc:subfield code="a">I go crazy</marc:subfield><marc:subfield code="a">Feels like rain She&apos;s nineteen years old</marc:subfield><marc:subfield code="a">Some kind of wonderful</marc:subfield><marc:subfield code="a">Sufferin&apos; mind</marc:subfield><marc:subfield code="a">Change in the weather</marc:subfield><marc:subfield code="a">I could cry</marc:subfield><marc:subfield code="a">Mary Ann</marc:subfield><marc:subfield code="a">Trouble man</marc:subfield><marc:subfield code="a">Country man</marc:subfield></marc:datafield><marc:datafield tag="339" ind1=" " ind2=" "><marc:subfield code="a">m</marc:subfield></marc:datafield><marc:datafield tag="606" ind1=" " ind2=" "><marc:subfield code="a">Blues</marc:subfield><marc:subfield code="x">Disques</marc:subfield><marc:subfield code="2">rameau</marc:subfield></marc:datafield><marc:datafield tag="606" ind1=" " ind2=" "><marc:subfield code="a">Chicago blues</marc:subfield><marc:subfield code="x">Disques</marc:subfield><marc:subfield code="2">rameau</marc:subfield></marc:datafield><marc:datafield tag="606" ind1=" " ind2=" "><marc:subfield code="3">12293433</marc:subfield><marc:subfield code="9">228</marc:subfield><marc:subfield code="a">Guitare, Musique de (blues)</marc:subfield><marc:subfield code="x">Disques</marc:subfield><marc:subfield code="2">rameau</marc:subfield></marc:datafield><marc:datafield tag="679" ind1=" " ind2=" "><marc:subfield code="a">110</marc:subfield></marc:datafield><marc:datafield tag="700" ind1="0" ind2=" "><marc:subfield code="9">229</marc:subfield><marc:subfield code="3">13894851</marc:subfield><marc:subfield code="a">Guy</marc:subfield><marc:subfield code="b">Buddy</marc:subfield><marc:subfield code="f">1936-....</marc:subfield></marc:datafield><marc:datafield tag="801" ind1=" " ind2=" "><marc:subfield code="a">FR</marc:subfield><marc:subfield code="b">595126101</marc:subfield><marc:subfield code="c">20160127</marc:subfield><marc:subfield code="g">AFNOR</marc:subfield></marc:datafield><marc:datafield tag="995" ind1=" " ind2=" "><marc:subfield code="0">0</marc:subfield><marc:subfield code="2">0</marc:subfield><marc:subfield code="4">0</marc:subfield><marc:subfield code="5">2005-03-22</marc:subfield><marc:subfield code="9">254</marc:subfield><marc:subfield code="P">23.32</marc:subfield><marc:subfield code="b">MED</marc:subfield><marc:subfield code="c">MED</marc:subfield><marc:subfield code="e">MED1A</marc:subfield><marc:subfield code="f">C0000405802</marc:subfield><marc:subfield code="h">AMV11ZZ</marc:subfield><marc:subfield code="k">DC/110/GUY</marc:subfield><marc:subfield code="o">0</marc:subfield><marc:subfield code="p">23.32</marc:subfield><marc:subfield code="r">PRETSON</marc:subfield><marc:subfield code="s">DC_110GUY</marc:subfield><marc:subfield code="w">41</marc:subfield><marc:subfield code="y">2017-12-13</marc:subfield></marc:datafield></marc:record>