<marc:record><marc:leader>01703nj  a2200373   4500</marc:leader><marc:controlfield tag="001">166</marc:controlfield><marc:controlfield tag="003">http://www.mediathequederoubaix.fr/ark:/20179/KH166</marc:controlfield><marc:controlfield tag="005">20180701143259.0</marc:controlfield><marc:datafield tag="035" ind1="0" ind2="0"><marc:subfield code="a">HZ_RBX354</marc:subfield></marc:datafield><marc:datafield tag="071" ind1="0" ind2="0"><marc:subfield code="b">Emarcy</marc:subfield><marc:subfield code="a">514 073-2</marc:subfield></marc:datafield><marc:datafield tag="090" ind1=" " ind2=" "><marc:subfield code="a">166</marc:subfield></marc:datafield><marc:datafield tag="091" ind1=" " ind2=" "><marc:subfield code="a">1</marc:subfield><marc:subfield code="b">20180701</marc:subfield><marc:subfield code="c">0</marc:subfield></marc:datafield><marc:datafield tag="099" ind1=" " ind2=" "><marc:subfield code="t">DC</marc:subfield><marc:subfield code="c">2014-06-30</marc:subfield><marc:subfield code="d">2014-06-30</marc:subfield><marc:subfield code="x">0</marc:subfield></marc:datafield><marc:datafield tag="100" ind1=" " ind2=" "><marc:subfield code="a">19       1992    k  y0frey5003    ba</marc:subfield></marc:datafield><marc:datafield tag="101" ind1=" " ind2=" "><marc:subfield code="a">fre</marc:subfield></marc:datafield><marc:datafield tag="200" ind1=" " ind2=" "><marc:subfield code="a">For those in love</marc:subfield><marc:subfield code="b">enr. sonore</marc:subfield><marc:subfield code="f">Dinah Washington</marc:subfield></marc:datafield><marc:datafield tag="210" ind1=" " ind2=" "><marc:subfield code="c">Polygram</marc:subfield><marc:subfield code="a">[New York]</marc:subfield><marc:subfield code="d">P 1992</marc:subfield></marc:datafield><marc:datafield tag="215" ind1=" " ind2=" "><marc:subfield code="a">1 d.c.</marc:subfield><marc:subfield code="e">1 brochure</marc:subfield></marc:datafield><marc:datafield tag="225" ind1="0" ind2=" "><marc:subfield code="a">Emarcy jazz</marc:subfield><marc:subfield code="e">Vocal classics</marc:subfield></marc:datafield><marc:datafield tag="323" ind1=" " ind2=" "><marc:subfield code="a">Clark Terry, trp ; Jimmy Cleveland, trb ; Paul Quinichette, saxo t ; Cecil Payne, saxo ; Wynton Kelly, p ; Barry Galbraith, guit. ; Keeter Betts, guit. b ; Jimmy Cobb, drms ; Quincy jones, arr.</marc:subfield></marc:datafield><marc:datafield tag="327" ind1=" " ind2=" "><marc:subfield code="a">I get a kick out of you</marc:subfield><marc:subfield code="a">Blue gardenia</marc:subfield><marc:subfield code="a">Easy living</marc:subfield><marc:subfield code="a">You don&apos;t know what love is</marc:subfield><marc:subfield code="a">This can&apos;t be love</marc:subfield><marc:subfield code="a">My old flame</marc:subfield><marc:subfield code="a">I could write a book</marc:subfield><marc:subfield code="a">Make the man love me</marc:subfield><marc:subfield code="a">Ask a woman who knows</marc:subfield><marc:subfield code="a">If I had you</marc:subfield></marc:datafield><marc:datafield tag="339" ind1=" " ind2=" "><marc:subfield code="a">m</marc:subfield></marc:datafield><marc:datafield tag="410" ind1=" " ind2=" "><marc:subfield code="t">Emarcy jazz. Vocal classics</marc:subfield></marc:datafield><marc:datafield tag="606" ind1=" " ind2=" "><marc:subfield code="a">Jazz</marc:subfield><marc:subfield code="y">Etats-Unis</marc:subfield><marc:subfield code="x">Disques</marc:subfield><marc:subfield code="2">rameau</marc:subfield></marc:datafield><marc:datafield tag="606" ind1=" " ind2=" "><marc:subfield code="a">Mainstream (jazz)</marc:subfield><marc:subfield code="x">Disques</marc:subfield><marc:subfield code="2">rameau</marc:subfield></marc:datafield><marc:datafield tag="606" ind1=" " ind2=" "><marc:subfield code="a">Chanteuses de jazz</marc:subfield><marc:subfield code="3">12166760</marc:subfield><marc:subfield code="9">231</marc:subfield><marc:subfield code="x">Disques</marc:subfield><marc:subfield code="2">rameau</marc:subfield></marc:datafield><marc:datafield tag="679" ind1=" " ind2=" "><marc:subfield code="a">1</marc:subfield><marc:subfield code="c">30</marc:subfield></marc:datafield><marc:datafield tag="700" ind1=" " ind2=" "><marc:subfield code="9">235</marc:subfield><marc:subfield code="a">Washington</marc:subfield><marc:subfield code="b">Dinah</marc:subfield><marc:subfield code="f">1924-1963</marc:subfield></marc:datafield><marc:datafield tag="702" ind1="0" ind2=" "><marc:subfield code="9">230</marc:subfield><marc:subfield code="3">13931823</marc:subfield><marc:subfield code="a">Betts</marc:subfield><marc:subfield code="b">Keter</marc:subfield><marc:subfield code="f">1928-2005</marc:subfield></marc:datafield><marc:datafield tag="702" ind1="0" ind2=" "><marc:subfield code="9">232</marc:subfield><marc:subfield code="3">13895927</marc:subfield><marc:subfield code="a">Kelly</marc:subfield><marc:subfield code="b">Wynton</marc:subfield><marc:subfield code="f">1931-1971</marc:subfield></marc:datafield><marc:datafield tag="702" ind1="0" ind2=" "><marc:subfield code="9">234</marc:subfield><marc:subfield code="3">13898313</marc:subfield><marc:subfield code="a">Payne</marc:subfield><marc:subfield code="b">Cecil</marc:subfield><marc:subfield code="f">1922-2007</marc:subfield></marc:datafield><marc:datafield tag="702" ind1="0" ind2=" "><marc:subfield code="9">77943</marc:subfield><marc:subfield code="a">Jones</marc:subfield><marc:subfield code="b">Quincy</marc:subfield><marc:subfield code="f">1933-....</marc:subfield></marc:datafield><marc:datafield tag="801" ind1=" " ind2=" "><marc:subfield code="a">FR</marc:subfield><marc:subfield code="b">595126101</marc:subfield><marc:subfield code="c">20160127</marc:subfield><marc:subfield code="g">AFNOR</marc:subfield></marc:datafield><marc:datafield tag="995" ind1=" " ind2=" "><marc:subfield code="0">0</marc:subfield><marc:subfield code="2">0</marc:subfield><marc:subfield code="4">0</marc:subfield><marc:subfield code="5">2005-03-22</marc:subfield><marc:subfield code="9">255</marc:subfield><marc:subfield code="P">14.03</marc:subfield><marc:subfield code="b">MED</marc:subfield><marc:subfield code="c">MED</marc:subfield><marc:subfield code="e">MED3C</marc:subfield><marc:subfield code="f">C0000405797</marc:subfield><marc:subfield code="h">AMV13ZZ</marc:subfield><marc:subfield code="k">DC/1 WAS/30</marc:subfield><marc:subfield code="o">0</marc:subfield><marc:subfield code="p">14.03</marc:subfield><marc:subfield code="r">PRETSON</marc:subfield><marc:subfield code="s">DC_1_000000000000000_WAS_30</marc:subfield><marc:subfield code="w">35</marc:subfield><marc:subfield code="y">2008-07-25</marc:subfield></marc:datafield></marc:record>