<marc:record><marc:leader>01274nj  a2200277   4500</marc:leader><marc:controlfield tag="001">167</marc:controlfield><marc:controlfield tag="003">http://www.mediathequederoubaix.fr/ark:/20179/KH167</marc:controlfield><marc:controlfield tag="005">20180818212002.0</marc:controlfield><marc:datafield tag="035" ind1="0" ind2="0"><marc:subfield code="a">HZ_RBX355</marc:subfield></marc:datafield><marc:datafield tag="071" ind1="0" ind2="0"><marc:subfield code="b">Full moon</marc:subfield><marc:subfield code="a">2292-50002-2</marc:subfield></marc:datafield><marc:datafield tag="090" ind1=" " ind2=" "><marc:subfield code="a">167</marc:subfield></marc:datafield><marc:datafield tag="091" ind1=" " ind2=" "><marc:subfield code="a">1</marc:subfield><marc:subfield code="b">20180701</marc:subfield><marc:subfield code="c">0</marc:subfield></marc:datafield><marc:datafield tag="099" ind1=" " ind2=" "><marc:subfield code="t">DC</marc:subfield><marc:subfield code="c">2014-06-30</marc:subfield><marc:subfield code="d">2014-06-30</marc:subfield><marc:subfield code="x">12</marc:subfield></marc:datafield><marc:datafield tag="100" ind1=" " ind2=" "><marc:subfield code="a">19       1982    k  y0frey5003    ba</marc:subfield></marc:datafield><marc:datafield tag="101" ind1=" " ind2=" "><marc:subfield code="a">fre</marc:subfield></marc:datafield><marc:datafield tag="200" ind1=" " ind2=" "><marc:subfield code="a">Blade Runner</marc:subfield><marc:subfield code="b">Enr. sonore</marc:subfield><marc:subfield code="e">Orchestral adaptation of music composed for the motion picture by Vangelis.</marc:subfield><marc:subfield code="e">[B.O.F.]</marc:subfield><marc:subfield code="f">Vangelis</marc:subfield><marc:subfield code="g">Patrick Williams, arr.</marc:subfield><marc:subfield code="g">Eddie karam, arr.</marc:subfield><marc:subfield code="g">Angela Morley, arr.</marc:subfield><marc:subfield code="g">The New American Orchestra</marc:subfield><marc:subfield code="g">Jack Elliott, dir., prod.</marc:subfield></marc:datafield><marc:datafield tag="210" ind1=" " ind2=" "><marc:subfield code="a">[Le Blanc-Mesnil]</marc:subfield><marc:subfield code="c">WEA Music</marc:subfield><marc:subfield code="d">P 1982</marc:subfield></marc:datafield><marc:datafield tag="215" ind1=" " ind2=" "><marc:subfield code="a">1 d.c.</marc:subfield><marc:subfield code="e">1 brochure</marc:subfield></marc:datafield><marc:datafield tag="327" ind1=" " ind2=" "><marc:subfield code="a">Love theme</marc:subfield><marc:subfield code="a">Main title</marc:subfield><marc:subfield code="a">One more kiss, dear</marc:subfield><marc:subfield code="a">Memories of green</marc:subfield><marc:subfield code="a">End title</marc:subfield><marc:subfield code="a">Blade runner blues</marc:subfield><marc:subfield code="a">Farewell</marc:subfield><marc:subfield code="a">End title reprise</marc:subfield></marc:datafield><marc:datafield tag="339" ind1=" " ind2=" "><marc:subfield code="a">m</marc:subfield></marc:datafield><marc:datafield tag="606" ind1=" " ind2=" "><marc:subfield code="a">Musique de film</marc:subfield><marc:subfield code="x">Disques</marc:subfield><marc:subfield code="2">rameau</marc:subfield></marc:datafield><marc:datafield tag="679" ind1=" " ind2=" "><marc:subfield code="a">520</marc:subfield></marc:datafield><marc:datafield tag="711" ind1="0" ind2=" "><marc:subfield code="9">122815</marc:subfield><marc:subfield code="a">New American Orchestra</marc:subfield></marc:datafield><marc:datafield tag="700" ind1="0" ind2=" "><marc:subfield code="9">272722</marc:subfield><marc:subfield code="a">Vangelis</marc:subfield><marc:subfield code="f">1943-....</marc:subfield></marc:datafield><marc:datafield tag="801" ind1=" " ind2="0"><marc:subfield code="a">FR</marc:subfield><marc:subfield code="b">595126101</marc:subfield><marc:subfield code="c">20070828</marc:subfield><marc:subfield code="g">AFNOR</marc:subfield></marc:datafield><marc:datafield tag="995" ind1=" " ind2=" "><marc:subfield code="0">0</marc:subfield><marc:subfield code="2">0</marc:subfield><marc:subfield code="4">0</marc:subfield><marc:subfield code="5">2005-03-22</marc:subfield><marc:subfield code="9">256</marc:subfield><marc:subfield code="P">14.18</marc:subfield><marc:subfield code="b">MED</marc:subfield><marc:subfield code="c">MED</marc:subfield><marc:subfield code="e">MED1A</marc:subfield><marc:subfield code="f">C0000405789</marc:subfield><marc:subfield code="h">AAPCIMF</marc:subfield><marc:subfield code="k">DC/520 BLA</marc:subfield><marc:subfield code="l">VDS Avril 2014/VDS mai 2014</marc:subfield><marc:subfield code="o">0</marc:subfield><marc:subfield code="p">14.18</marc:subfield><marc:subfield code="r">PRETSON</marc:subfield><marc:subfield code="s">DC_520_000000000000000_BLA</marc:subfield><marc:subfield code="w">116</marc:subfield><marc:subfield code="y">2018-09-01</marc:subfield></marc:datafield></marc:record>