<marc:record><marc:leader>02170nj  a2200445   4500</marc:leader><marc:controlfield tag="001">168</marc:controlfield><marc:controlfield tag="003">http://www.mediathequederoubaix.fr/ark:/20179/KH168</marc:controlfield><marc:controlfield tag="005">20180701143259.0</marc:controlfield><marc:datafield tag="035" ind1="0" ind2="0"><marc:subfield code="a">HZ_RBX357</marc:subfield></marc:datafield><marc:datafield tag="071" ind1="0" ind2="0"><marc:subfield code="b">Blue Note</marc:subfield><marc:subfield code="a">7 89032 2</marc:subfield></marc:datafield><marc:datafield tag="090" ind1=" " ind2=" "><marc:subfield code="a">168</marc:subfield></marc:datafield><marc:datafield tag="091" ind1=" " ind2=" "><marc:subfield code="a">1</marc:subfield><marc:subfield code="b">20180701</marc:subfield><marc:subfield code="c">0</marc:subfield></marc:datafield><marc:datafield tag="099" ind1=" " ind2=" "><marc:subfield code="t">DC</marc:subfield><marc:subfield code="c">2014-06-30</marc:subfield><marc:subfield code="d">2014-06-30</marc:subfield><marc:subfield code="x">6</marc:subfield></marc:datafield><marc:datafield tag="100" ind1=" " ind2=" "><marc:subfield code="a">19       1993    k  y0frey5003    ba</marc:subfield></marc:datafield><marc:datafield tag="101" ind1=" " ind2=" "><marc:subfield code="a">fre</marc:subfield></marc:datafield><marc:datafield tag="200" ind1=" " ind2=" "><marc:subfield code="a">Birk&apos;s works</marc:subfield><marc:subfield code="b">Enr. sonore</marc:subfield><marc:subfield code="e">Blue Note plays the music of Dizzy Gillespie</marc:subfield><marc:subfield code="f">Kenny Burell</marc:subfield><marc:subfield code="g">Art Blakley</marc:subfield><marc:subfield code="g">Gil Fuller</marc:subfield><marc:subfield code="g">Sonny Clark,...[et al]</marc:subfield></marc:datafield><marc:datafield tag="210" ind1=" " ind2=" "><marc:subfield code="a">London</marc:subfield><marc:subfield code="c">EMI</marc:subfield><marc:subfield code="d">C 1993</marc:subfield></marc:datafield><marc:datafield tag="215" ind1=" " ind2=" "><marc:subfield code="a">1 d.c.</marc:subfield><marc:subfield code="c">mono et stéréo</marc:subfield><marc:subfield code="e">brochure</marc:subfield></marc:datafield><marc:datafield tag="327" ind1=" " ind2=" "><marc:subfield code="a">Birk&apos;s works / K. Burell. A night in Tunisia / A. Blakey and the Jazz Messengers. Groovin&apos; high / G.Fuller ı the Monterey Jazz Orchestra. Be-Bop / S. Clark. I waited for you / M. Davis. Manteca / G. Evans. The champ / J. Smith. Groovin&apos; high / C. Parker. A night in Tunisia / S. Rollins. Anthropolo-gy / C. Jordan. Leap here / Metronome All Stars.</marc:subfield></marc:datafield><marc:datafield tag="339" ind1=" " ind2=" "><marc:subfield code="a">m</marc:subfield></marc:datafield><marc:datafield tag="606" ind1=" " ind2=" "><marc:subfield code="2">rameau</marc:subfield><marc:subfield code="a">Jazz</marc:subfield><marc:subfield code="y">Etats-Unis</marc:subfield><marc:subfield code="x">Disques</marc:subfield></marc:datafield><marc:datafield tag="606" ind1=" " ind2=" "><marc:subfield code="a">Trompette, Musique de (jazz)</marc:subfield><marc:subfield code="2">rameau</marc:subfield><marc:subfield code="3">12302286</marc:subfield><marc:subfield code="9">237</marc:subfield><marc:subfield code="x">Disques</marc:subfield></marc:datafield><marc:datafield tag="606" ind1=" " ind2=" "><marc:subfield code="a">Be-bop</marc:subfield><marc:subfield code="2">rameau</marc:subfield><marc:subfield code="3">12179998</marc:subfield><marc:subfield code="9">238</marc:subfield><marc:subfield code="x">Disques</marc:subfield></marc:datafield><marc:datafield tag="679" ind1=" " ind2=" "><marc:subfield code="a">1</marc:subfield><marc:subfield code="c">40</marc:subfield></marc:datafield><marc:datafield tag="700" ind1="0" ind2=" "><marc:subfield code="9">244</marc:subfield><marc:subfield code="3">13894473</marc:subfield><marc:subfield code="a">Gillespie</marc:subfield><marc:subfield code="b">Dizzy</marc:subfield><marc:subfield code="f">1917-1993</marc:subfield></marc:datafield><marc:datafield tag="702" ind1="0" ind2=" "><marc:subfield code="9">246</marc:subfield><marc:subfield code="3">13891997</marc:subfield><marc:subfield code="a">Burrell</marc:subfield><marc:subfield code="b">Kenny</marc:subfield><marc:subfield code="f">1931-....</marc:subfield></marc:datafield><marc:datafield tag="702" ind1="0" ind2=" "><marc:subfield code="9">247</marc:subfield><marc:subfield code="3">13891566</marc:subfield><marc:subfield code="a">Blakey</marc:subfield><marc:subfield code="b">Art</marc:subfield><marc:subfield code="f">1919-1990</marc:subfield></marc:datafield><marc:datafield tag="702" ind1="0" ind2=" "><marc:subfield code="9">248</marc:subfield><marc:subfield code="3">13893030</marc:subfield><marc:subfield code="a">Davis</marc:subfield><marc:subfield code="b">Miles</marc:subfield><marc:subfield code="f">1926-1991</marc:subfield></marc:datafield><marc:datafield tag="702" ind1="0" ind2=" "><marc:subfield code="9">249</marc:subfield><marc:subfield code="3">14001446</marc:subfield><marc:subfield code="a">Fuller</marc:subfield><marc:subfield code="b">Gil</marc:subfield><marc:subfield code="f">1920-1994</marc:subfield></marc:datafield><marc:datafield tag="702" ind1="0" ind2=" "><marc:subfield code="9">242</marc:subfield><marc:subfield code="3">13893740</marc:subfield><marc:subfield code="a">Evans</marc:subfield><marc:subfield code="b">Gil</marc:subfield><marc:subfield code="f">1912-1988</marc:subfield></marc:datafield><marc:datafield tag="702" ind1="0" ind2=" "><marc:subfield code="9">243</marc:subfield><marc:subfield code="3">12407495</marc:subfield><marc:subfield code="a">Clark</marc:subfield><marc:subfield code="b">Sonny</marc:subfield><marc:subfield code="f">1931-1963</marc:subfield></marc:datafield><marc:datafield tag="702" ind1="0" ind2=" "><marc:subfield code="9">239</marc:subfield><marc:subfield code="3">13899133</marc:subfield><marc:subfield code="a">Rollins</marc:subfield><marc:subfield code="b">Sonny</marc:subfield><marc:subfield code="f">1930-....</marc:subfield></marc:datafield><marc:datafield tag="702" ind1="0" ind2=" "><marc:subfield code="9">240</marc:subfield><marc:subfield code="3">13898247</marc:subfield><marc:subfield code="a">Parker</marc:subfield><marc:subfield code="b">Charlie</marc:subfield><marc:subfield code="f">1920-1955</marc:subfield></marc:datafield><marc:datafield tag="702" ind1="0" ind2=" "><marc:subfield code="9">241</marc:subfield><marc:subfield code="3">13899869</marc:subfield><marc:subfield code="a">Smith</marc:subfield><marc:subfield code="b">Jimmy</marc:subfield><marc:subfield code="f">1925-2005</marc:subfield></marc:datafield><marc:datafield tag="702" ind1="0" ind2=" "><marc:subfield code="9">245</marc:subfield><marc:subfield code="3">13895756</marc:subfield><marc:subfield code="a">Jordan</marc:subfield><marc:subfield code="b">Clifford</marc:subfield><marc:subfield code="f">1931-1993</marc:subfield></marc:datafield><marc:datafield tag="711" ind1="0" ind2=" "><marc:subfield code="9">122816</marc:subfield><marc:subfield code="a">Art Blakey&apos;s jazz messengers</marc:subfield></marc:datafield><marc:datafield tag="711" ind1="0" ind2=" "><marc:subfield code="9">122817</marc:subfield><marc:subfield code="a">Monterey Jazz Orchestra</marc:subfield></marc:datafield><marc:datafield tag="711" ind1="0" ind2=" "><marc:subfield code="9">122818</marc:subfield><marc:subfield code="a">Metronome All Stars</marc:subfield></marc:datafield><marc:datafield tag="801" ind1=" " ind2=" "><marc:subfield code="a">FR</marc:subfield><marc:subfield code="b">595126101</marc:subfield><marc:subfield code="c">20160703</marc:subfield><marc:subfield code="g">AFNOR</marc:subfield></marc:datafield><marc:datafield tag="995" ind1=" " ind2=" "><marc:subfield code="0">0</marc:subfield><marc:subfield code="2">0</marc:subfield><marc:subfield code="3">0</marc:subfield><marc:subfield code="4">1</marc:subfield><marc:subfield code="5">2005-03-22</marc:subfield><marc:subfield code="9">257</marc:subfield><marc:subfield code="P">14.48</marc:subfield><marc:subfield code="b">MED</marc:subfield><marc:subfield code="c">MED</marc:subfield><marc:subfield code="e">MED1A</marc:subfield><marc:subfield code="f">C0000405771</marc:subfield><marc:subfield code="h">AMV13ZZ</marc:subfield><marc:subfield code="k">DC/1 GIL/40</marc:subfield><marc:subfield code="o">4</marc:subfield><marc:subfield code="p">14.48</marc:subfield><marc:subfield code="r">PRETSON</marc:subfield><marc:subfield code="s">DC_1_000000000000000_GIL40</marc:subfield><marc:subfield code="w">36</marc:subfield><marc:subfield code="y">2018-02-17</marc:subfield><marc:subfield code="A">0</marc:subfield></marc:datafield></marc:record>