<marc:record><marc:leader>01172nj  a2200241   4500</marc:leader><marc:controlfield tag="001">169</marc:controlfield><marc:controlfield tag="005">20180701143259.0</marc:controlfield><marc:datafield tag="035" ind1="0" ind2="0"><marc:subfield code="a">HZ_RBX358</marc:subfield></marc:datafield><marc:datafield tag="071" ind1="0" ind2="0"><marc:subfield code="b">Epic</marc:subfield><marc:subfield code="a">473630 2</marc:subfield></marc:datafield><marc:datafield tag="090" ind1=" " ind2=" "><marc:subfield code="a">169</marc:subfield></marc:datafield><marc:datafield tag="091" ind1=" " ind2=" "><marc:subfield code="a">1</marc:subfield><marc:subfield code="b">20180701</marc:subfield><marc:subfield code="c">0</marc:subfield></marc:datafield><marc:datafield tag="099" ind1=" " ind2=" "><marc:subfield code="t">DC</marc:subfield><marc:subfield code="c">2014-06-30</marc:subfield><marc:subfield code="d">2014-06-30</marc:subfield><marc:subfield code="x">16</marc:subfield></marc:datafield><marc:datafield tag="100" ind1=" " ind2=" "><marc:subfield code="a">19       1993    k  y0frey5003    ba</marc:subfield></marc:datafield><marc:datafield tag="101" ind1=" " ind2=" "><marc:subfield code="a">fre</marc:subfield></marc:datafield><marc:datafield tag="200" ind1=" " ind2=" "><marc:subfield code="a">1993...J&apos;appuie sur la gachette</marc:subfield><marc:subfield code="b">enr.sonore</marc:subfield><marc:subfield code="f">Suprême NTM</marc:subfield></marc:datafield><marc:datafield tag="210" ind1=" " ind2=" "><marc:subfield code="a">[Neuilly-sur-Seine]</marc:subfield><marc:subfield code="c">Sony Music</marc:subfield><marc:subfield code="d">P 1993</marc:subfield></marc:datafield><marc:datafield tag="215" ind1=" " ind2=" "><marc:subfield code="a">1 d.c.</marc:subfield><marc:subfield code="e">brochure (n.p.) : ill. ; 12 cm</marc:subfield></marc:datafield><marc:datafield tag="327" ind1=" " ind2=" "><marc:subfield code="a">Intro ; Pour un nouveau massacre ; Police ; J&apos;ap- puie sur la gachette ; Sur 24 pistes (Remix) ; En direct de Bujolvik ; Plus rien ne va ; Prisonnier du passé ; De best ; En direct du Grand Nord ; Quipaiera les dégâts ? ; Juste pour le fun ; Dans le vent ; 93.2 NTMEO Radio ; La Révolution du son ; C&apos;est clair (part II) ; Nouvelle école.</marc:subfield></marc:datafield><marc:datafield tag="339" ind1=" " ind2=" "><marc:subfield code="a">m</marc:subfield></marc:datafield><marc:datafield tag="606" ind1=" " ind2=" "><marc:subfield code="9">235992</marc:subfield><marc:subfield code="a">Rap (musique)</marc:subfield><marc:subfield code="y">France</marc:subfield><marc:subfield code="y">Seine-Saint-Denis (France)</marc:subfield><marc:subfield code="x">Disques</marc:subfield></marc:datafield><marc:datafield tag="679" ind1=" " ind2=" "><marc:subfield code="a">2</marc:subfield><marc:subfield code="c">90.2</marc:subfield></marc:datafield><marc:datafield tag="710" ind1="0" ind2=" "><marc:subfield code="9">122819</marc:subfield><marc:subfield code="a">Suprême NTM</marc:subfield></marc:datafield><marc:datafield tag="995" ind1=" " ind2=" "><marc:subfield code="0">0</marc:subfield><marc:subfield code="2">0</marc:subfield><marc:subfield code="4">0</marc:subfield><marc:subfield code="5">2005-03-22</marc:subfield><marc:subfield code="9">258</marc:subfield><marc:subfield code="P">15.12</marc:subfield><marc:subfield code="b">MED</marc:subfield><marc:subfield code="c">MED</marc:subfield><marc:subfield code="e">MED1A</marc:subfield><marc:subfield code="f">C0000021771</marc:subfield><marc:subfield code="h">AMV15ZZ</marc:subfield><marc:subfield code="k">DC/2 SUP 90.2</marc:subfield><marc:subfield code="o">0</marc:subfield><marc:subfield code="p">15.12</marc:subfield><marc:subfield code="r">PRETSON</marc:subfield><marc:subfield code="s">DC_2_SUP_900000000000000_2</marc:subfield><marc:subfield code="w">201</marc:subfield><marc:subfield code="y">2018-04-25</marc:subfield></marc:datafield></marc:record>