<marc:record><marc:leader>01287nj  a2200289   4500</marc:leader><marc:controlfield tag="001">174</marc:controlfield><marc:controlfield tag="003">http://www.mediathequederoubaix.fr/ark:/20179/KH174</marc:controlfield><marc:controlfield tag="005">20180701143259.0</marc:controlfield><marc:datafield tag="035" ind1="0" ind2="0"><marc:subfield code="a">HZ_RBX364</marc:subfield></marc:datafield><marc:datafield tag="071" ind1="0" ind2="0"><marc:subfield code="b">Cooltempo</marc:subfield><marc:subfield code="a">32192929</marc:subfield></marc:datafield><marc:datafield tag="090" ind1=" " ind2=" "><marc:subfield code="a">174</marc:subfield></marc:datafield><marc:datafield tag="091" ind1=" " ind2=" "><marc:subfield code="a">1</marc:subfield><marc:subfield code="b">20180701</marc:subfield><marc:subfield code="c">0</marc:subfield></marc:datafield><marc:datafield tag="099" ind1=" " ind2=" "><marc:subfield code="t">DC</marc:subfield><marc:subfield code="c">2014-06-30</marc:subfield><marc:subfield code="d">2014-06-30</marc:subfield><marc:subfield code="x">3</marc:subfield></marc:datafield><marc:datafield tag="100" ind1=" " ind2=" "><marc:subfield code="a">19       1992    k  y0frey5003    ba</marc:subfield></marc:datafield><marc:datafield tag="101" ind1=" " ind2=" "><marc:subfield code="a">fre</marc:subfield></marc:datafield><marc:datafield tag="200" ind1=" " ind2=" "><marc:subfield code="a">3 Years, 5 months and 2 days in the life of...</marc:subfield><marc:subfield code="b">Enr. sonore</marc:subfield><marc:subfield code="f">Arrested Development</marc:subfield></marc:datafield><marc:datafield tag="210" ind1=" " ind2=" "><marc:subfield code="a">Londres</marc:subfield><marc:subfield code="c">Chrysalis</marc:subfield><marc:subfield code="c">EMI [distrib.]</marc:subfield><marc:subfield code="d">P 1992</marc:subfield></marc:datafield><marc:datafield tag="215" ind1=" " ind2=" "><marc:subfield code="a">1 d.c.</marc:subfield><marc:subfield code="e">brochure</marc:subfield></marc:datafield><marc:datafield tag="327" ind1=" " ind2=" "><marc:subfield code="a">Man&apos;s final frontier</marc:subfield><marc:subfield code="a">Mama&apos;s always on stage</marc:subfield><marc:subfield code="a">People everyday</marc:subfield><marc:subfield code="a">Blues happy</marc:subfield><marc:subfield code="a">MR.Wendal</marc:subfield><marc:subfield code="a">Children play with earth</marc:subfield><marc:subfield code="a">Raining revolution</marc:subfield><marc:subfield code="a">Fishin&apos; 4 religion</marc:subfield><marc:subfield code="a">Give a man a fish</marc:subfield><marc:subfield code="a">U</marc:subfield><marc:subfield code="a">Eve of reality</marc:subfield><marc:subfield code="a">Natural</marc:subfield><marc:subfield code="a">Dawn of the dreads</marc:subfield><marc:subfield code="a">Tennessee</marc:subfield><marc:subfield code="a">Washed away</marc:subfield></marc:datafield><marc:datafield tag="339" ind1=" " ind2=" "><marc:subfield code="a">m</marc:subfield></marc:datafield><marc:datafield tag="606" ind1=" " ind2=" "><marc:subfield code="a">Rap (musique)</marc:subfield><marc:subfield code="y">Etats-Unis</marc:subfield><marc:subfield code="x">Disques</marc:subfield><marc:subfield code="2">rameau</marc:subfield></marc:datafield><marc:datafield tag="679" ind1=" " ind2=" "><marc:subfield code="a">2</marc:subfield><marc:subfield code="c">90.2</marc:subfield></marc:datafield><marc:datafield tag="702" ind1="0" ind2=" "><marc:subfield code="9">146602</marc:subfield><marc:subfield code="a">Speech</marc:subfield></marc:datafield><marc:datafield tag="702" ind1="0" ind2=" "><marc:subfield code="9">146603</marc:subfield><marc:subfield code="a">Farris</marc:subfield><marc:subfield code="b">Dionne</marc:subfield></marc:datafield><marc:datafield tag="710" ind1="0" ind2=" "><marc:subfield code="9">261</marc:subfield><marc:subfield code="7">ba0yba0y</marc:subfield><marc:subfield code="8">fre   </marc:subfield><marc:subfield code="3">13953268</marc:subfield><marc:subfield code="7">ba0yba0y</marc:subfield><marc:subfield code="8">fre   </marc:subfield><marc:subfield code="a">Arrested development</marc:subfield></marc:datafield><marc:datafield tag="801" ind1=" " ind2="0"><marc:subfield code="a">FR</marc:subfield><marc:subfield code="b">595126101</marc:subfield><marc:subfield code="c">20070828</marc:subfield><marc:subfield code="g">AFNOR</marc:subfield></marc:datafield><marc:datafield tag="995" ind1=" " ind2=" "><marc:subfield code="0">0</marc:subfield><marc:subfield code="2">0</marc:subfield><marc:subfield code="4">0</marc:subfield><marc:subfield code="5">2005-03-22</marc:subfield><marc:subfield code="9">263</marc:subfield><marc:subfield code="P">23.48</marc:subfield><marc:subfield code="b">MED</marc:subfield><marc:subfield code="c">MED</marc:subfield><marc:subfield code="e">MED1A</marc:subfield><marc:subfield code="f">C0001556957</marc:subfield><marc:subfield code="h">AMV15ZZ</marc:subfield><marc:subfield code="k">DC/2 ARR 90.2</marc:subfield><marc:subfield code="o">0</marc:subfield><marc:subfield code="p">23.48</marc:subfield><marc:subfield code="r">PRETSON</marc:subfield><marc:subfield code="s">DC_2_ARR_900000000000000_2</marc:subfield><marc:subfield code="w">43</marc:subfield><marc:subfield code="y">2016-11-23</marc:subfield></marc:datafield></marc:record>