<marc:record><marc:leader>00863nj  a2200229   4500</marc:leader><marc:controlfield tag="001">175</marc:controlfield><marc:controlfield tag="005">20180701143300.0</marc:controlfield><marc:datafield tag="035" ind1="0" ind2="0"><marc:subfield code="a">HZ_RBX365</marc:subfield></marc:datafield><marc:datafield tag="071" ind1="0" ind2="0"><marc:subfield code="b">Blue Note</marc:subfield><marc:subfield code="a">7 80590 28</marc:subfield></marc:datafield><marc:datafield tag="090" ind1=" " ind2=" "><marc:subfield code="a">175</marc:subfield></marc:datafield><marc:datafield tag="091" ind1=" " ind2=" "><marc:subfield code="a">1</marc:subfield><marc:subfield code="b">20180701</marc:subfield><marc:subfield code="c">0</marc:subfield></marc:datafield><marc:datafield tag="099" ind1=" " ind2=" "><marc:subfield code="t">DC</marc:subfield><marc:subfield code="c">2014-06-30</marc:subfield><marc:subfield code="d">2014-06-30</marc:subfield><marc:subfield code="x">9</marc:subfield></marc:datafield><marc:datafield tag="100" ind1=" " ind2=" "><marc:subfield code="a">19       1993    k  y0frey5003    ba</marc:subfield></marc:datafield><marc:datafield tag="101" ind1=" " ind2=" "><marc:subfield code="a">fre</marc:subfield></marc:datafield><marc:datafield tag="200" ind1=" " ind2=" "><marc:subfield code="a">Promenade with Duke</marc:subfield><marc:subfield code="b">Enr. sonore</marc:subfield><marc:subfield code="f">Michel Petrucciani</marc:subfield><marc:subfield code="g">Duke Ellington, mus.</marc:subfield></marc:datafield><marc:datafield tag="210" ind1=" " ind2=" "><marc:subfield code="a">[Hollywood]</marc:subfield><marc:subfield code="c">EMI</marc:subfield><marc:subfield code="d">P 1993</marc:subfield></marc:datafield><marc:datafield tag="215" ind1=" " ind2=" "><marc:subfield code="a">1 d.c.</marc:subfield></marc:datafield><marc:datafield tag="327" ind1=" " ind2=" "><marc:subfield code="a">Caravan</marc:subfield><marc:subfield code="a">Lush life</marc:subfield><marc:subfield code="a">Take the A train</marc:subfield><marc:subfield code="a">African flower</marc:subfield><marc:subfield code="a">In a sentimental mood</marc:subfield><marc:subfield code="a">Hidden joy</marc:subfield><marc:subfield code="a">One night in the hotel</marc:subfield><marc:subfield code="a">Satin doll</marc:subfield><marc:subfield code="a">C-jam blues</marc:subfield></marc:datafield><marc:datafield tag="339" ind1=" " ind2=" "><marc:subfield code="a">m</marc:subfield></marc:datafield><marc:datafield tag="679" ind1=" " ind2=" "><marc:subfield code="a">1</marc:subfield><marc:subfield code="c">80</marc:subfield></marc:datafield><marc:datafield tag="801" ind1=" " ind2=" "><marc:subfield code="a">FR</marc:subfield><marc:subfield code="b">595126101</marc:subfield><marc:subfield code="c">20160131</marc:subfield><marc:subfield code="g">AFNOR</marc:subfield></marc:datafield><marc:datafield tag="995" ind1=" " ind2=" "><marc:subfield code="0">0</marc:subfield><marc:subfield code="2">0</marc:subfield><marc:subfield code="4">0</marc:subfield><marc:subfield code="5">2005-03-22</marc:subfield><marc:subfield code="9">264</marc:subfield><marc:subfield code="P">23.48</marc:subfield><marc:subfield code="b">MED</marc:subfield><marc:subfield code="c">MED</marc:subfield><marc:subfield code="e">MED1A</marc:subfield><marc:subfield code="f">C0000405569</marc:subfield><marc:subfield code="h">AMV13ZZ</marc:subfield><marc:subfield code="k">DC/1 PET/50</marc:subfield><marc:subfield code="o">0</marc:subfield><marc:subfield code="p">23.48</marc:subfield><marc:subfield code="r">PRETSON</marc:subfield><marc:subfield code="s">DC_1_000000000000000_PET50</marc:subfield><marc:subfield code="w">73</marc:subfield><marc:subfield code="y">2017-07-01</marc:subfield></marc:datafield></marc:record>