<marc:record><marc:leader>01647nj  a2200349   4500</marc:leader><marc:controlfield tag="001">177</marc:controlfield><marc:controlfield tag="003">http://www.mediathequederoubaix.fr/ark:/20179/KH177</marc:controlfield><marc:controlfield tag="005">20180701143300.0</marc:controlfield><marc:datafield tag="035" ind1="0" ind2="0"><marc:subfield code="a">HZ_RBX370</marc:subfield></marc:datafield><marc:datafield tag="071" ind1="0" ind2="0"><marc:subfield code="b">EMI</marc:subfield><marc:subfield code="a">7 81456 2</marc:subfield></marc:datafield><marc:datafield tag="090" ind1=" " ind2=" "><marc:subfield code="a">177</marc:subfield></marc:datafield><marc:datafield tag="091" ind1=" " ind2=" "><marc:subfield code="a">1</marc:subfield><marc:subfield code="b">20180701</marc:subfield><marc:subfield code="c">0</marc:subfield></marc:datafield><marc:datafield tag="099" ind1=" " ind2=" "><marc:subfield code="t">DC</marc:subfield><marc:subfield code="c">2014-06-30</marc:subfield><marc:subfield code="d">2014-06-30</marc:subfield><marc:subfield code="x">8</marc:subfield></marc:datafield><marc:datafield tag="100" ind1=" " ind2=" "><marc:subfield code="a">19       1993    k  y0frey5003    ba</marc:subfield></marc:datafield><marc:datafield tag="101" ind1=" " ind2=" "><marc:subfield code="a">fre</marc:subfield></marc:datafield><marc:datafield tag="200" ind1=" " ind2=" "><marc:subfield code="a">A real LIVE one</marc:subfield><marc:subfield code="b">Enr. sonore</marc:subfield><marc:subfield code="f">Iron Maiden</marc:subfield></marc:datafield><marc:datafield tag="210" ind1=" " ind2=" "><marc:subfield code="c">EMI</marc:subfield><marc:subfield code="a">Londres</marc:subfield><marc:subfield code="d">P 1993</marc:subfield></marc:datafield><marc:datafield tag="215" ind1=" " ind2=" "><marc:subfield code="a">1 d.c.</marc:subfield><marc:subfield code="d">12 cm</marc:subfield><marc:subfield code="e">brochure (n.p.)</marc:subfield></marc:datafield><marc:datafield tag="321" ind1=" " ind2=" "><marc:subfield code="a">Dave Murray, guit. ; Steve Harris, guit. b ; Nico MacBrain, batt. ; Janick Gers, vocal</marc:subfield></marc:datafield><marc:datafield tag="327" ind1=" " ind2=" "><marc:subfield code="a">Be quick or be dead</marc:subfield><marc:subfield code="a">From here to eternity . Can I play with madness</marc:subfield><marc:subfield code="a">Wasting love</marc:subfield><marc:subfield code="a">Tailgunner</marc:subfield><marc:subfield code="a">Theevil that men do</marc:subfield><marc:subfield code="a">Afraid to shoot strangers</marc:subfield><marc:subfield code="a">Bring your daughter... to the slaugther , Heaven can wait</marc:subfield><marc:subfield code="a">Theclairvoyant</marc:subfield><marc:subfield code="a">Fear of the dark</marc:subfield></marc:datafield><marc:datafield tag="339" ind1=" " ind2=" "><marc:subfield code="a">m</marc:subfield></marc:datafield><marc:datafield tag="606" ind1=" " ind2=" "><marc:subfield code="a">Rock (musique)</marc:subfield><marc:subfield code="y">Grande-Bretagne</marc:subfield><marc:subfield code="y">Angleterre (GB)</marc:subfield><marc:subfield code="x">Disques</marc:subfield><marc:subfield code="2">rameau</marc:subfield></marc:datafield><marc:datafield tag="606" ind1=" " ind2=" "><marc:subfield code="7">ba0yba0y</marc:subfield><marc:subfield code="8">fre   </marc:subfield><marc:subfield code="3">12486943</marc:subfield><marc:subfield code="9">178</marc:subfield><marc:subfield code="a">Heavy metal</marc:subfield><marc:subfield code="x">Disques</marc:subfield><marc:subfield code="2">rameau</marc:subfield></marc:datafield><marc:datafield tag="679" ind1=" " ind2=" "><marc:subfield code="a">2</marc:subfield><marc:subfield code="c">50</marc:subfield></marc:datafield><marc:datafield tag="701" ind1="0" ind2=" "><marc:subfield code="9">146656</marc:subfield><marc:subfield code="a">Harris</marc:subfield><marc:subfield code="b">Steve</marc:subfield></marc:datafield><marc:datafield tag="701" ind1="0" ind2=" "><marc:subfield code="9">146657</marc:subfield><marc:subfield code="a">MacBrain</marc:subfield><marc:subfield code="b">Nicko</marc:subfield></marc:datafield><marc:datafield tag="701" ind1="0" ind2=" "><marc:subfield code="9">146658</marc:subfield><marc:subfield code="a">Gers</marc:subfield><marc:subfield code="b">Janick</marc:subfield></marc:datafield><marc:datafield tag="701" ind1="0" ind2=" "><marc:subfield code="9">269</marc:subfield><marc:subfield code="7">ba0yba0y</marc:subfield><marc:subfield code="8">fre   </marc:subfield><marc:subfield code="3">13931749</marc:subfield><marc:subfield code="7">ba0yba0y</marc:subfield><marc:subfield code="8">fre   </marc:subfield><marc:subfield code="a">Dickinson</marc:subfield><marc:subfield code="b">Bruce</marc:subfield><marc:subfield code="f">1958-....</marc:subfield></marc:datafield><marc:datafield tag="701" ind1="0" ind2=" "><marc:subfield code="9">270</marc:subfield><marc:subfield code="7">ba0yba0y</marc:subfield><marc:subfield code="8">fre   </marc:subfield><marc:subfield code="3">13897815</marc:subfield><marc:subfield code="7">ba0yba0y</marc:subfield><marc:subfield code="8">fre   </marc:subfield><marc:subfield code="a">Murray</marc:subfield><marc:subfield code="b">Dave</marc:subfield><marc:subfield code="f">1958-....</marc:subfield></marc:datafield><marc:datafield tag="710" ind1="0" ind2=" "><marc:subfield code="9">272</marc:subfield><marc:subfield code="7">ba0yba0y</marc:subfield><marc:subfield code="8">fre   </marc:subfield><marc:subfield code="3">13904134</marc:subfield><marc:subfield code="7">ba0yba0y</marc:subfield><marc:subfield code="8">fre   </marc:subfield><marc:subfield code="a">Iron maiden</marc:subfield></marc:datafield><marc:datafield tag="801" ind1=" " ind2="0"><marc:subfield code="a">FR</marc:subfield><marc:subfield code="b">595126101</marc:subfield><marc:subfield code="c">20110525</marc:subfield><marc:subfield code="g">AFNOR</marc:subfield></marc:datafield><marc:datafield tag="995" ind1=" " ind2=" "><marc:subfield code="0">0</marc:subfield><marc:subfield code="2">0</marc:subfield><marc:subfield code="4">0</marc:subfield><marc:subfield code="5">2005-03-22</marc:subfield><marc:subfield code="9">266</marc:subfield><marc:subfield code="P">23.48</marc:subfield><marc:subfield code="b">MED</marc:subfield><marc:subfield code="c">MED</marc:subfield><marc:subfield code="e">MED1A</marc:subfield><marc:subfield code="f">C0000405519</marc:subfield><marc:subfield code="h">AMV25ZZ</marc:subfield><marc:subfield code="k">DC/2 IRO 50</marc:subfield><marc:subfield code="o">0</marc:subfield><marc:subfield code="p">23.48</marc:subfield><marc:subfield code="r">PRETSON</marc:subfield><marc:subfield code="s">DC_2_IRO_500000000000000</marc:subfield><marc:subfield code="w">86</marc:subfield><marc:subfield code="y">2018-05-12</marc:subfield></marc:datafield></marc:record>