<marc:record><marc:leader>01228nj  a2200265   4500</marc:leader><marc:controlfield tag="001">178</marc:controlfield><marc:controlfield tag="003">http://www.mediathequederoubaix.fr/ark:/20179/KH178</marc:controlfield><marc:controlfield tag="005">20180701143300.0</marc:controlfield><marc:datafield tag="035" ind1="0" ind2="0"><marc:subfield code="a">HZ_RBX371</marc:subfield></marc:datafield><marc:datafield tag="071" ind1="0" ind2="0"><marc:subfield code="b">EMI France</marc:subfield><marc:subfield code="a">7 81085 2</marc:subfield></marc:datafield><marc:datafield tag="090" ind1=" " ind2=" "><marc:subfield code="a">178</marc:subfield></marc:datafield><marc:datafield tag="091" ind1=" " ind2=" "><marc:subfield code="a">1</marc:subfield><marc:subfield code="b">20180701</marc:subfield><marc:subfield code="c">0</marc:subfield></marc:datafield><marc:datafield tag="099" ind1=" " ind2=" "><marc:subfield code="t">DC</marc:subfield><marc:subfield code="c">2014-06-30</marc:subfield><marc:subfield code="d">2014-06-30</marc:subfield><marc:subfield code="x">10</marc:subfield></marc:datafield><marc:datafield tag="100" ind1=" " ind2=" "><marc:subfield code="a">19       1993    k  y0frey5003    ba</marc:subfield></marc:datafield><marc:datafield tag="101" ind1=" " ind2=" "><marc:subfield code="a">fre</marc:subfield></marc:datafield><marc:datafield tag="200" ind1=" " ind2=" "><marc:subfield code="a">Love Blonde</marc:subfield><marc:subfield code="b">enr. sonore</marc:subfield><marc:subfield code="e">The best of</marc:subfield><marc:subfield code="f">Kim Wilde</marc:subfield></marc:datafield><marc:datafield tag="210" ind1=" " ind2=" "><marc:subfield code="a">France</marc:subfield><marc:subfield code="c">EMI</marc:subfield><marc:subfield code="d">P 1993</marc:subfield></marc:datafield><marc:datafield tag="215" ind1=" " ind2=" "><marc:subfield code="a">1 d.c.</marc:subfield></marc:datafield><marc:datafield tag="322" ind1=" " ind2=" "><marc:subfield code="a">Rick Wilde, prod.</marc:subfield></marc:datafield><marc:datafield tag="327" ind1=" " ind2=" "><marc:subfield code="a">Cambodia ; Kids in America ; Love blonde ; Chequered love ; View from a bridge ; Boys ; Dancing in the dark ; Water on glass ; 26580 ; Our town ; Everything we know ; You&apos;ll never be so wrong ; Houseof Salome ; Child come away ; Take me tonight ; Stay awhile ; Watching for shapes ; Dancing in the dark : Remix by Niles Rodgers) ; Love blonde (Remix).</marc:subfield></marc:datafield><marc:datafield tag="339" ind1=" " ind2=" "><marc:subfield code="a">m</marc:subfield></marc:datafield><marc:datafield tag="679" ind1=" " ind2=" "><marc:subfield code="a">2</marc:subfield></marc:datafield><marc:datafield tag="700" ind1="0" ind2=" "><marc:subfield code="9">4916</marc:subfield><marc:subfield code="7">ba0yba0y</marc:subfield><marc:subfield code="8">fre   </marc:subfield><marc:subfield code="3">13901155</marc:subfield><marc:subfield code="7">ba0yba0y</marc:subfield><marc:subfield code="8">fre   </marc:subfield><marc:subfield code="a">Wilde</marc:subfield><marc:subfield code="b">Kim</marc:subfield><marc:subfield code="f">1960-....</marc:subfield></marc:datafield><marc:datafield tag="801" ind1=" " ind2="0"><marc:subfield code="a">FR</marc:subfield><marc:subfield code="b">595126101</marc:subfield><marc:subfield code="c">20050322</marc:subfield><marc:subfield code="g">AFNOR</marc:subfield></marc:datafield><marc:datafield tag="995" ind1=" " ind2=" "><marc:subfield code="0">0</marc:subfield><marc:subfield code="2">0</marc:subfield><marc:subfield code="4">0</marc:subfield><marc:subfield code="5">2005-03-22</marc:subfield><marc:subfield code="9">267</marc:subfield><marc:subfield code="P">23.48</marc:subfield><marc:subfield code="b">MED</marc:subfield><marc:subfield code="c">MED</marc:subfield><marc:subfield code="e">MED1A</marc:subfield><marc:subfield code="f">C0000405501</marc:subfield><marc:subfield code="h">AMV29ZZ</marc:subfield><marc:subfield code="k">DC/6 WIL</marc:subfield><marc:subfield code="o">0</marc:subfield><marc:subfield code="p">23.48</marc:subfield><marc:subfield code="r">PRETSON</marc:subfield><marc:subfield code="s">DC_6_000000000000000_WIL</marc:subfield><marc:subfield code="w">149</marc:subfield><marc:subfield code="y">2018-06-16</marc:subfield></marc:datafield></marc:record>