<marc:record><marc:leader>01343cam  2200337   4500</marc:leader><marc:controlfield tag="001">181</marc:controlfield><marc:controlfield tag="003">http://www.mediathequederoubaix.fr/ark:/20179/KH181</marc:controlfield><marc:datafield tag="010" ind1=" " ind2=" "><marc:subfield code="a">2-909033-27-9</marc:subfield></marc:datafield><marc:datafield tag="020" ind1=" " ind2=" "><marc:subfield code="a">FR</marc:subfield><marc:subfield code="b">09701853</marc:subfield></marc:datafield><marc:datafield tag="021" ind1=" " ind2=" "><marc:subfield code="a">FR</marc:subfield><marc:subfield code="b">DL IMPR</marc:subfield></marc:datafield><marc:datafield tag="033" ind1=" " ind2=" "><marc:subfield code="a">http://catalogue.bnf.fr/ark:/12148/cb35697586k</marc:subfield></marc:datafield><marc:datafield tag="035" ind1=" " ind2=" "><marc:subfield code="a">FRBNF356975860000005</marc:subfield></marc:datafield><marc:datafield tag="039" ind1=" " ind2=" "><marc:subfield code="o">OPL</marc:subfield><marc:subfield code="a">017654524</marc:subfield></marc:datafield><marc:datafield tag="090" ind1=" " ind2=" "><marc:subfield code="a">181</marc:subfield></marc:datafield><marc:datafield tag="091" ind1=" " ind2=" "><marc:subfield code="b">20180701</marc:subfield><marc:subfield code="c">1</marc:subfield><marc:subfield code="a">2</marc:subfield></marc:datafield><marc:datafield tag="099" ind1=" " ind2=" "><marc:subfield code="t">LI</marc:subfield><marc:subfield code="c">2014-06-30</marc:subfield><marc:subfield code="d">2014-06-30</marc:subfield><marc:subfield code="x">2</marc:subfield></marc:datafield><marc:datafield tag="100" ind1=" " ind2=" "><marc:subfield code="a">19960924d1993    m  y0frey50      ba</marc:subfield></marc:datafield><marc:datafield tag="101" ind1="0" ind2=" "><marc:subfield code="a">fre</marc:subfield></marc:datafield><marc:datafield tag="102" ind1=" " ind2=" "><marc:subfield code="a">FR</marc:subfield></marc:datafield><marc:datafield tag="105" ind1=" " ind2=" "><marc:subfield code="a">a   z   00|a|</marc:subfield></marc:datafield><marc:datafield tag="106" ind1=" " ind2=" "><marc:subfield code="a">r</marc:subfield></marc:datafield><marc:datafield tag="200" ind1="1" ind2=" "><marc:subfield code="a">L&apos;épidémie</marc:subfield><marc:subfield code="b">Texte imprimé</marc:subfield><marc:subfield code="a">&amp; Un rat qui passe</marc:subfield><marc:subfield code="e">[Caen, Comédie de Caen, 19 mars 1993]</marc:subfield><marc:subfield code="f">Agota Kristof</marc:subfield><marc:subfield code="g">frontisp. de Anne-Marie Bourgeois</marc:subfield></marc:datafield><marc:datafield tag="210" ind1=" " ind2=" "><marc:subfield code="a">Troarn</marc:subfield><marc:subfield code="b">rue d&apos;Argences, 14670</marc:subfield><marc:subfield code="c">Amiot-Lenganey</marc:subfield><marc:subfield code="d">1993</marc:subfield><marc:subfield code="e">14-Condé-sur-Noireau</marc:subfield><marc:subfield code="g">Impr. Corlet</marc:subfield></marc:datafield><marc:datafield tag="215" ind1=" " ind2=" "><marc:subfield code="a">82 p.</marc:subfield><marc:subfield code="c">ill.</marc:subfield><marc:subfield code="d">22 cm</marc:subfield></marc:datafield><marc:datafield tag="339" ind1=" " ind2=" "><marc:subfield code="a">m</marc:subfield></marc:datafield><marc:datafield tag="423" ind1=" " ind2="0"><marc:subfield code="t">Un rat qui passe</marc:subfield></marc:datafield><marc:datafield tag="686" ind1=" " ind2=" "><marc:subfield code="a">822</marc:subfield><marc:subfield code="2">Cadre de classement de la Bibliographie nationale française</marc:subfield></marc:datafield><marc:datafield tag="700" ind1=" " ind2=" "><marc:subfield code="3">12058252</marc:subfield><marc:subfield code="9">286</marc:subfield><marc:subfield code="o">ISNI0000000081778949</marc:subfield><marc:subfield code="a">Kristof</marc:subfield><marc:subfield code="b">Agota</marc:subfield><marc:subfield code="f">1935-2011</marc:subfield><marc:subfield code="4">070</marc:subfield></marc:datafield><marc:datafield tag="702" ind1=" " ind2=" "><marc:subfield code="3">13082643</marc:subfield><marc:subfield code="a">Bourgeois</marc:subfield><marc:subfield code="b">Anne-Marie</marc:subfield><marc:subfield code="4">440</marc:subfield></marc:datafield><marc:datafield tag="801" ind1=" " ind2="0"><marc:subfield code="a">FR</marc:subfield><marc:subfield code="b">FR-751131015</marc:subfield><marc:subfield code="c">19960924</marc:subfield><marc:subfield code="g">AFNOR</marc:subfield><marc:subfield code="h">FRBNF356975860000005</marc:subfield><marc:subfield code="2">intermrc</marc:subfield></marc:datafield><marc:datafield tag="995" ind1=" " ind2=" "><marc:subfield code="0">0</marc:subfield><marc:subfield code="2">0</marc:subfield><marc:subfield code="4">0</marc:subfield><marc:subfield code="5">2005-03-22</marc:subfield><marc:subfield code="9">270</marc:subfield><marc:subfield code="P">12.20</marc:subfield><marc:subfield code="b">MED</marc:subfield><marc:subfield code="c">MED</marc:subfield><marc:subfield code="e">MED1A</marc:subfield><marc:subfield code="f">C0000237762</marc:subfield><marc:subfield code="h">AMVTHTX</marc:subfield><marc:subfield code="k">T/KRI</marc:subfield><marc:subfield code="o">0</marc:subfield><marc:subfield code="p">12.20</marc:subfield><marc:subfield code="r">PRETLIV</marc:subfield><marc:subfield code="s">TKRI</marc:subfield><marc:subfield code="w">11</marc:subfield><marc:subfield code="y">2018-12-13</marc:subfield></marc:datafield></marc:record>