<marc:record><marc:leader>01238nam  2200325   4500</marc:leader><marc:controlfield tag="001">190</marc:controlfield><marc:controlfield tag="003">http://www.mediathequederoubaix.fr/ark:/20179/KH190</marc:controlfield><marc:datafield tag="020" ind1=" " ind2=" "><marc:subfield code="a">FR</marc:subfield><marc:subfield code="b">07325425</marc:subfield></marc:datafield><marc:datafield tag="021" ind1=" " ind2=" "><marc:subfield code="a">FR</marc:subfield><marc:subfield code="b">DL 73-25425</marc:subfield></marc:datafield><marc:datafield tag="033" ind1=" " ind2=" "><marc:subfield code="a">http://catalogue.bnf.fr/ark:/12148/cb352145468</marc:subfield></marc:datafield><marc:datafield tag="035" ind1=" " ind2=" "><marc:subfield code="a">FRBNF352145460000006</marc:subfield></marc:datafield><marc:datafield tag="039" ind1=" " ind2=" "><marc:subfield code="o">OPL</marc:subfield><marc:subfield code="a">009887361</marc:subfield></marc:datafield><marc:datafield tag="090" ind1=" " ind2=" "><marc:subfield code="a">190</marc:subfield></marc:datafield><marc:datafield tag="091" ind1=" " ind2=" "><marc:subfield code="a">2</marc:subfield><marc:subfield code="b">20180701</marc:subfield><marc:subfield code="c">1</marc:subfield></marc:datafield><marc:datafield tag="099" ind1=" " ind2=" "><marc:subfield code="t">LI</marc:subfield><marc:subfield code="c">2014-06-30</marc:subfield><marc:subfield code="d">2014-06-30</marc:subfield><marc:subfield code="x">0</marc:subfield></marc:datafield><marc:datafield tag="100" ind1=" " ind2=" "><marc:subfield code="a">19740101d1973    m  y0frey50      ba</marc:subfield></marc:datafield><marc:datafield tag="101" ind1="0" ind2=" "><marc:subfield code="a">xxx</marc:subfield></marc:datafield><marc:datafield tag="102" ind1=" " ind2=" "><marc:subfield code="a">XX</marc:subfield></marc:datafield><marc:datafield tag="105" ind1=" " ind2=" "><marc:subfield code="a">||||z   00|||</marc:subfield></marc:datafield><marc:datafield tag="106" ind1=" " ind2=" "><marc:subfield code="a">r</marc:subfield></marc:datafield><marc:datafield tag="200" ind1="1" ind2=" "><marc:subfield code="a">La Légende de M&apos;Pfoumou Ma Mazono</marc:subfield><marc:subfield code="b">Texte imprimé</marc:subfield><marc:subfield code="f">Jean Malonga</marc:subfield></marc:datafield><marc:datafield tag="210" ind1=" " ind2=" "><marc:subfield code="a">Paris</marc:subfield><marc:subfield code="c">«Présence africaine»</marc:subfield><marc:subfield code="d">1973</marc:subfield><marc:subfield code="e">18-Saint-Amand</marc:subfield><marc:subfield code="g">impr. Bussière</marc:subfield></marc:datafield><marc:datafield tag="215" ind1=" " ind2=" "><marc:subfield code="a">155 p.</marc:subfield><marc:subfield code="c">couv. ill. en coul.</marc:subfield><marc:subfield code="d">18 cm</marc:subfield></marc:datafield><marc:datafield tag="300" ind1=" " ind2=" "><marc:subfield code="a">Br.: 6,50 F</marc:subfield></marc:datafield><marc:datafield tag="339" ind1=" " ind2=" "><marc:subfield code="a">m</marc:subfield></marc:datafield><marc:datafield tag="676" ind1=" " ind2=" "><marc:subfield code="a">843</marc:subfield><marc:subfield code="v">22</marc:subfield></marc:datafield><marc:datafield tag="686" ind1=" " ind2=" "><marc:subfield code="a">823</marc:subfield><marc:subfield code="2">Cadre de classement de la Bibliographie nationale française</marc:subfield></marc:datafield><marc:datafield tag="700" ind1=" " ind2=" "><marc:subfield code="3">12175704</marc:subfield><marc:subfield code="9">306</marc:subfield><marc:subfield code="o">ISNI0000000121186180</marc:subfield><marc:subfield code="a">Malonga</marc:subfield><marc:subfield code="b">Jean</marc:subfield><marc:subfield code="f">1907-1985</marc:subfield><marc:subfield code="4">070</marc:subfield></marc:datafield><marc:datafield tag="801" ind1=" " ind2="0"><marc:subfield code="a">FR</marc:subfield><marc:subfield code="b">FR-751131015</marc:subfield><marc:subfield code="c">19740101</marc:subfield><marc:subfield code="g">AFNOR</marc:subfield><marc:subfield code="h">FRBNF352145460000006</marc:subfield><marc:subfield code="2">intermrc</marc:subfield></marc:datafield><marc:datafield tag="995" ind1=" " ind2=" "><marc:subfield code="0">0</marc:subfield><marc:subfield code="2">0</marc:subfield><marc:subfield code="4">0</marc:subfield><marc:subfield code="5">2005-03-22</marc:subfield><marc:subfield code="9">279</marc:subfield><marc:subfield code="P">24.00</marc:subfield><marc:subfield code="b">MED</marc:subfield><marc:subfield code="c">MED</marc:subfield><marc:subfield code="e">MED3E</marc:subfield><marc:subfield code="f">C0000615148</marc:subfield><marc:subfield code="h">AZZMAZZ</marc:subfield><marc:subfield code="k">Mag. in-8/42 985</marc:subfield><marc:subfield code="o">0</marc:subfield><marc:subfield code="p">24.00</marc:subfield><marc:subfield code="r">PRETLIV</marc:subfield><marc:subfield code="s">MAG___IN842_985_00000000000000</marc:subfield><marc:subfield code="y">2014-06-30</marc:subfield></marc:datafield></marc:record>