<marc:record><marc:leader>01557cam  2200361   4500</marc:leader><marc:controlfield tag="001">202</marc:controlfield><marc:controlfield tag="003">http://www.mediathequederoubaix.fr/ark:/20179/KH202</marc:controlfield><marc:datafield tag="010" ind1=" " ind2=" "><marc:subfield code="a">2-7021-2207-8</marc:subfield></marc:datafield><marc:datafield tag="020" ind1=" " ind2=" "><marc:subfield code="a">FR</marc:subfield><marc:subfield code="b">09318935</marc:subfield></marc:datafield><marc:datafield tag="021" ind1=" " ind2=" "><marc:subfield code="a">FR</marc:subfield><marc:subfield code="b">DL 93-06551</marc:subfield></marc:datafield><marc:datafield tag="033" ind1=" " ind2=" "><marc:subfield code="a">http://catalogue.bnf.fr/ark:/12148/cb35565031n</marc:subfield></marc:datafield><marc:datafield tag="035" ind1=" " ind2=" "><marc:subfield code="a">FRBNF355650310000007</marc:subfield></marc:datafield><marc:datafield tag="039" ind1=" " ind2=" "><marc:subfield code="o">OPL</marc:subfield><marc:subfield code="a">015120404</marc:subfield></marc:datafield><marc:datafield tag="090" ind1=" " ind2=" "><marc:subfield code="a">202</marc:subfield></marc:datafield><marc:datafield tag="091" ind1=" " ind2=" "><marc:subfield code="b">20180701</marc:subfield><marc:subfield code="c">1</marc:subfield><marc:subfield code="a">2</marc:subfield></marc:datafield><marc:datafield tag="099" ind1=" " ind2=" "><marc:subfield code="t">LI</marc:subfield><marc:subfield code="c">2014-06-30</marc:subfield><marc:subfield code="d">2014-06-30</marc:subfield><marc:subfield code="x">1</marc:subfield></marc:datafield><marc:datafield tag="100" ind1=" " ind2=" "><marc:subfield code="a">19930427d1993    m  y0frey50      ba</marc:subfield></marc:datafield><marc:datafield tag="101" ind1="0" ind2=" "><marc:subfield code="a">fre</marc:subfield></marc:datafield><marc:datafield tag="102" ind1=" " ind2=" "><marc:subfield code="a">FR</marc:subfield></marc:datafield><marc:datafield tag="105" ind1=" " ind2=" "><marc:subfield code="a">a   z   00|y|</marc:subfield></marc:datafield><marc:datafield tag="106" ind1=" " ind2=" "><marc:subfield code="a">r</marc:subfield></marc:datafield><marc:datafield tag="200" ind1="1" ind2=" "><marc:subfield code="a">Attitude rock&apos;n roll</marc:subfield><marc:subfield code="b">Texte imprimé</marc:subfield><marc:subfield code="f">Anne et Julien</marc:subfield><marc:subfield code="g">[ill.], Hippolyte Romain</marc:subfield></marc:datafield><marc:datafield tag="210" ind1=" " ind2=" "><marc:subfield code="a">Paris</marc:subfield><marc:subfield code="c">Ed. Plume</marc:subfield><marc:subfield code="c">[Calmann-Lévy]</marc:subfield><marc:subfield code="d">1993</marc:subfield><marc:subfield code="e">21-Beaune</marc:subfield><marc:subfield code="g">Impr. Habillages</marc:subfield></marc:datafield><marc:datafield tag="215" ind1=" " ind2=" "><marc:subfield code="a">143 p.</marc:subfield><marc:subfield code="c">ill., couv. ill.</marc:subfield><marc:subfield code="d">22 cm</marc:subfield></marc:datafield><marc:datafield tag="339" ind1=" " ind2=" "><marc:subfield code="a">m</marc:subfield></marc:datafield><marc:datafield tag="606" ind1=" " ind2=" "><marc:subfield code="3">11937249</marc:subfield><marc:subfield code="9">20592</marc:subfield><marc:subfield code="a">Groupes rock</marc:subfield><marc:subfield code="3">12042317</marc:subfield><marc:subfield code="9">22349</marc:subfield><marc:subfield code="x">Langage</marc:subfield><marc:subfield code="2">rameau</marc:subfield></marc:datafield><marc:datafield tag="606" ind1=" " ind2=" "><marc:subfield code="3">11932555</marc:subfield><marc:subfield code="9">320</marc:subfield><marc:subfield code="a">Musiciens de rock</marc:subfield><marc:subfield code="3">12042317</marc:subfield><marc:subfield code="9">22349</marc:subfield><marc:subfield code="x">Langage</marc:subfield><marc:subfield code="2">rameau</marc:subfield></marc:datafield><marc:datafield tag="606" ind1=" " ind2=" "><marc:subfield code="3">11935295</marc:subfield><marc:subfield code="9">30318</marc:subfield><marc:subfield code="a"> Français  ( langue )</marc:subfield><marc:subfield code="x"> Argot</marc:subfield><marc:subfield code="3">11931877</marc:subfield><marc:subfield code="9">2172</marc:subfield><marc:subfield code="x">Dictionnaires</marc:subfield><marc:subfield code="2">rameau</marc:subfield></marc:datafield><marc:datafield tag="686" ind1=" " ind2=" "><marc:subfield code="a">824</marc:subfield><marc:subfield code="2">Cadre de classement de la Bibliographie nationale française</marc:subfield></marc:datafield><marc:datafield tag="700" ind1=" " ind2=" "><marc:subfield code="3">12310181</marc:subfield><marc:subfield code="9">321</marc:subfield><marc:subfield code="a">Anne et Julien</marc:subfield><marc:subfield code="f">1963-....</marc:subfield><marc:subfield code="4">070</marc:subfield></marc:datafield><marc:datafield tag="702" ind1=" " ind2=" "><marc:subfield code="3">12097937</marc:subfield><marc:subfield code="9">42300</marc:subfield><marc:subfield code="o">ISNI0000000081225367</marc:subfield><marc:subfield code="a">Romain</marc:subfield><marc:subfield code="b">Hippolyte</marc:subfield><marc:subfield code="f">1947-....</marc:subfield><marc:subfield code="4">440</marc:subfield></marc:datafield><marc:datafield tag="801" ind1=" " ind2="0"><marc:subfield code="a">FR</marc:subfield><marc:subfield code="b">FR-751131015</marc:subfield><marc:subfield code="c">19930427</marc:subfield><marc:subfield code="g">AFNOR</marc:subfield><marc:subfield code="h">FRBNF355650310000007</marc:subfield><marc:subfield code="2">intermrc</marc:subfield></marc:datafield><marc:datafield tag="995" ind1=" " ind2=" "><marc:subfield code="0">0</marc:subfield><marc:subfield code="2">0</marc:subfield><marc:subfield code="4">0</marc:subfield><marc:subfield code="5">2005-03-22</marc:subfield><marc:subfield code="9">291</marc:subfield><marc:subfield code="P">15.24</marc:subfield><marc:subfield code="b">MED</marc:subfield><marc:subfield code="c">MED</marc:subfield><marc:subfield code="e">MED3A</marc:subfield><marc:subfield code="f">C0000241486</marc:subfield><marc:subfield code="h">ACFSSZZ</marc:subfield><marc:subfield code="k">Doc./390 ANN</marc:subfield><marc:subfield code="o">0</marc:subfield><marc:subfield code="p">15.24</marc:subfield><marc:subfield code="r">PRETLIV</marc:subfield><marc:subfield code="s">DOC__390_000000000000000_ANN</marc:subfield><marc:subfield code="w">8</marc:subfield><marc:subfield code="y">2014-11-04</marc:subfield></marc:datafield></marc:record>