<marc:record><marc:leader>01242nj  a2200253   4500</marc:leader><marc:controlfield tag="001">208</marc:controlfield><marc:controlfield tag="003">http://www.mediathequederoubaix.fr/ark:/20179/KH208</marc:controlfield><marc:controlfield tag="005">20180701143304.0</marc:controlfield><marc:datafield tag="035" ind1="0" ind2="0"><marc:subfield code="a">HZ_RBX471</marc:subfield></marc:datafield><marc:datafield tag="071" ind1="0" ind2="0"><marc:subfield code="b">Philips</marc:subfield><marc:subfield code="a">434 905-2</marc:subfield></marc:datafield><marc:datafield tag="090" ind1=" " ind2=" "><marc:subfield code="a">208</marc:subfield></marc:datafield><marc:datafield tag="091" ind1=" " ind2=" "><marc:subfield code="a">1</marc:subfield><marc:subfield code="b">20180701</marc:subfield><marc:subfield code="c">0</marc:subfield></marc:datafield><marc:datafield tag="099" ind1=" " ind2=" "><marc:subfield code="t">DC</marc:subfield><marc:subfield code="c">2014-06-30</marc:subfield><marc:subfield code="d">2014-06-30</marc:subfield><marc:subfield code="x">5</marc:subfield></marc:datafield><marc:datafield tag="100" ind1=" " ind2=" "><marc:subfield code="a">19       1993    k  y0frey5003    ba</marc:subfield></marc:datafield><marc:datafield tag="101" ind1=" " ind2=" "><marc:subfield code="a">fre</marc:subfield></marc:datafield><marc:datafield tag="200" ind1=" " ind2=" "><marc:subfield code="a">Johannes-Passion, BVW 245</marc:subfield><marc:subfield code="b">Enr. sonore</marc:subfield><marc:subfield code="d">St John Passion</marc:subfield><marc:subfield code="d">Passion selon Saint-Jean</marc:subfield><marc:subfield code="f">Johann Sebastian Bach</marc:subfield><marc:subfield code="g">Nico van der Meel, T (Evangeliste)</marc:subfield><marc:subfield code="g">Kristinn Sigmundson, B (Jésus)</marc:subfield><marc:subfield code="g">Annegeer Stumphius, S (Arien)</marc:subfield><marc:subfield code="g">James Bowman, A (Arien) ; [et al]</marc:subfield><marc:subfield code="g">Netherlands Chamber Choir</marc:subfield><marc:subfield code="g">Orchestra of the 18th Century</marc:subfield><marc:subfield code="g">Frans Brüggen, dir.</marc:subfield></marc:datafield><marc:datafield tag="210" ind1=" " ind2=" "><marc:subfield code="a">[Netherlands]</marc:subfield><marc:subfield code="c">Phonogram</marc:subfield><marc:subfield code="d">P 1993</marc:subfield></marc:datafield><marc:datafield tag="215" ind1=" " ind2=" "><marc:subfield code="a">2 d.c.</marc:subfield><marc:subfield code="e">1 livret (91 p. : ill. ; 12 cm)</marc:subfield></marc:datafield><marc:datafield tag="225" ind1="0" ind2=" "><marc:subfield code="a">Digital Classics</marc:subfield></marc:datafield><marc:datafield tag="305" ind1=" " ind2=" "><marc:subfield code="a">Enr. à Vredenburg, Utrecht, Pays Bas en février 1992</marc:subfield></marc:datafield><marc:datafield tag="307" ind1=" " ind2=" "><marc:subfield code="a">Textes de la Passion en all., angl., franc., italien.</marc:subfield></marc:datafield><marc:datafield tag="510" ind1=" " ind2=" "><marc:subfield code="a">Johannes-Passion, BVW 245</marc:subfield></marc:datafield><marc:datafield tag="339" ind1=" " ind2=" "><marc:subfield code="a">m</marc:subfield></marc:datafield><marc:datafield tag="995" ind1=" " ind2=" "><marc:subfield code="0">0</marc:subfield><marc:subfield code="2">0</marc:subfield><marc:subfield code="4">0</marc:subfield><marc:subfield code="5">2005-03-22</marc:subfield><marc:subfield code="9">297</marc:subfield><marc:subfield code="P">44.82</marc:subfield><marc:subfield code="b">MED</marc:subfield><marc:subfield code="c">MED</marc:subfield><marc:subfield code="e">MED1A</marc:subfield><marc:subfield code="f">C0002012045</marc:subfield><marc:subfield code="h">AMV30ZZ</marc:subfield><marc:subfield code="k">DC/3 BAC ORATORIO</marc:subfield><marc:subfield code="l">Contient : 2 CD + 1 livret</marc:subfield><marc:subfield code="o">0</marc:subfield><marc:subfield code="p">44.82</marc:subfield><marc:subfield code="r">PRETSON</marc:subfield><marc:subfield code="s">DC_3_000000000000000_BAC_ORATO</marc:subfield><marc:subfield code="w">54</marc:subfield><marc:subfield code="y">2016-12-15</marc:subfield></marc:datafield></marc:record>