<marc:record><marc:leader>01254nj  a2200277   4500</marc:leader><marc:controlfield tag="001">211</marc:controlfield><marc:controlfield tag="003">http://www.mediathequederoubaix.fr/ark:/20179/KH211</marc:controlfield><marc:controlfield tag="005">20180701143304.0</marc:controlfield><marc:datafield tag="035" ind1="0" ind2="0"><marc:subfield code="a">HZ_RBX477</marc:subfield></marc:datafield><marc:datafield tag="071" ind1="0" ind2="0"><marc:subfield code="b">Virgin</marc:subfield><marc:subfield code="a">31080</marc:subfield></marc:datafield><marc:datafield tag="090" ind1=" " ind2=" "><marc:subfield code="a">211</marc:subfield></marc:datafield><marc:datafield tag="091" ind1=" " ind2=" "><marc:subfield code="a">1</marc:subfield><marc:subfield code="b">20180701</marc:subfield><marc:subfield code="c">0</marc:subfield></marc:datafield><marc:datafield tag="099" ind1=" " ind2=" "><marc:subfield code="t">DC</marc:subfield><marc:subfield code="c">2014-06-30</marc:subfield><marc:subfield code="d">2014-06-30</marc:subfield><marc:subfield code="x">7</marc:subfield></marc:datafield><marc:datafield tag="100" ind1=" " ind2=" "><marc:subfield code="a">19       1992    k  y0frey5003    ba</marc:subfield></marc:datafield><marc:datafield tag="101" ind1=" " ind2=" "><marc:subfield code="a">fre</marc:subfield></marc:datafield><marc:datafield tag="200" ind1=" " ind2=" "><marc:subfield code="a">H</marc:subfield><marc:subfield code="b">enr. sonore</marc:subfield><marc:subfield code="f">Jean-Louis Aubert</marc:subfield></marc:datafield><marc:datafield tag="210" ind1=" " ind2=" "><marc:subfield code="a">[Paris]</marc:subfield><marc:subfield code="c">Virgin France SA</marc:subfield><marc:subfield code="d">P 1992</marc:subfield></marc:datafield><marc:datafield tag="215" ind1=" " ind2=" "><marc:subfield code="a">1 d.c.</marc:subfield><marc:subfield code="e">1 brochure</marc:subfield></marc:datafield><marc:datafield tag="323" ind1=" " ind2=" "><marc:subfield code="a">Richard Kolinka, batt. ; Daniel Roux, guit.b ; Feedback, perc. ; Fred Montabord, claviers ; Marine Rosier, p Paul Personne, guit. ; Princesse Erika, chœurs ; Voix Bulgares.</marc:subfield></marc:datafield><marc:datafield tag="327" ind1=" " ind2=" "><marc:subfield code="a">Le Bateau sous la terre</marc:subfield><marc:subfield code="a">Entends-moi</marc:subfield><marc:subfield code="a">Avec les mots</marc:subfield><marc:subfield code="a">Toi que l&apos;on n&apos; homme pas</marc:subfield><marc:subfield code="a">Allez</marc:subfield><marc:subfield code="a">Cascade</marc:subfield><marc:subfield code="a">Temps à nouveau - A l&apos;eau</marc:subfield><marc:subfield code="a">Momments</marc:subfield><marc:subfield code="a">La Question</marc:subfield><marc:subfield code="a">Si seulement</marc:subfield><marc:subfield code="a">La Bonne étoile</marc:subfield><marc:subfield code="a">Solitude</marc:subfield></marc:datafield><marc:datafield tag="339" ind1=" " ind2=" "><marc:subfield code="a">m</marc:subfield></marc:datafield><marc:datafield tag="606" ind1=" " ind2=" "><marc:subfield code="9">235964</marc:subfield><marc:subfield code="a">Rock (musique)</marc:subfield><marc:subfield code="y">France</marc:subfield><marc:subfield code="x">Disques</marc:subfield></marc:datafield><marc:datafield tag="679" ind1=" " ind2=" "><marc:subfield code="a">2</marc:subfield></marc:datafield><marc:datafield tag="700" ind1="0" ind2=" "><marc:subfield code="9">278487</marc:subfield><marc:subfield code="a">Aubert</marc:subfield><marc:subfield code="b">Jean-Louis</marc:subfield><marc:subfield code="f">1955-....</marc:subfield></marc:datafield><marc:datafield tag="801" ind1=" " ind2="0"><marc:subfield code="a">FR</marc:subfield><marc:subfield code="b">595126101</marc:subfield><marc:subfield code="c">20070828</marc:subfield><marc:subfield code="g">AFNOR</marc:subfield></marc:datafield><marc:datafield tag="995" ind1=" " ind2=" "><marc:subfield code="0">0</marc:subfield><marc:subfield code="2">0</marc:subfield><marc:subfield code="3">0</marc:subfield><marc:subfield code="4">0</marc:subfield><marc:subfield code="5">2005-03-22</marc:subfield><marc:subfield code="9">300</marc:subfield><marc:subfield code="P">23.93</marc:subfield><marc:subfield code="b">MED</marc:subfield><marc:subfield code="c">MED</marc:subfield><marc:subfield code="e">MED1A</marc:subfield><marc:subfield code="f">C0003092179</marc:subfield><marc:subfield code="h">AMV80ZZ</marc:subfield><marc:subfield code="k">DC/099.2  AUB</marc:subfield><marc:subfield code="o">0</marc:subfield><marc:subfield code="p">23.93</marc:subfield><marc:subfield code="r">PRETSON</marc:subfield><marc:subfield code="s">DC_099_200000000000000_AUB</marc:subfield><marc:subfield code="w">38</marc:subfield><marc:subfield code="y">2018-04-28</marc:subfield><marc:subfield code="A">0</marc:subfield></marc:datafield></marc:record>