<marc:record><marc:leader>01854nj  a2200301   4500</marc:leader><marc:controlfield tag="001">215</marc:controlfield><marc:controlfield tag="005">20180720164829.0</marc:controlfield><marc:datafield tag="035" ind1="0" ind2="0"><marc:subfield code="a">HZ_RBX493</marc:subfield></marc:datafield><marc:datafield tag="071" ind1="0" ind2="0"><marc:subfield code="b">Scotti Bros</marc:subfield><marc:subfield code="a">514224-2</marc:subfield></marc:datafield><marc:datafield tag="090" ind1=" " ind2=" "><marc:subfield code="a">215</marc:subfield></marc:datafield><marc:datafield tag="091" ind1=" " ind2=" "><marc:subfield code="a">1</marc:subfield><marc:subfield code="b">20180701</marc:subfield><marc:subfield code="c">0</marc:subfield></marc:datafield><marc:datafield tag="099" ind1=" " ind2=" "><marc:subfield code="t">DC</marc:subfield><marc:subfield code="c">2014-06-30</marc:subfield><marc:subfield code="d">2014-06-30</marc:subfield><marc:subfield code="x">5</marc:subfield></marc:datafield><marc:datafield tag="100" ind1=" " ind2=" "><marc:subfield code="a">19       1992    k  y0frey5003    ba</marc:subfield></marc:datafield><marc:datafield tag="101" ind1=" " ind2=" "><marc:subfield code="a">fre</marc:subfield></marc:datafield><marc:datafield tag="200" ind1=" " ind2=" "><marc:subfield code="a">Ciné frissons</marc:subfield><marc:subfield code="b">Enr. sonore</marc:subfield><marc:subfield code="e">Les plus grandes musiques de films fantastiques</marc:subfield><marc:subfield code="e">[B.O.F.]</marc:subfield><marc:subfield code="f">Mike Oldfield</marc:subfield><marc:subfield code="g">Modeste Moussorgski</marc:subfield><marc:subfield code="g">Piotr Ilyich Tchaikovski</marc:subfield><marc:subfield code="g">Leith Stevens...[et al]</marc:subfield></marc:datafield><marc:datafield tag="210" ind1=" " ind2=" "><marc:subfield code="c">Phonogram</marc:subfield><marc:subfield code="a">[Paris]</marc:subfield><marc:subfield code="d">P 1992</marc:subfield></marc:datafield><marc:datafield tag="215" ind1=" " ind2=" "><marc:subfield code="a">1 d.c.</marc:subfield></marc:datafield><marc:datafield tag="327" ind1=" " ind2=" "><marc:subfield code="a">Tubular bells : Theme de l&apos;Exorciste / Mike Oldfield</marc:subfield><marc:subfield code="a">Une nuit sur le mont chauve : extrait : Theme de Fantasia et autres films / Modeste Moussorgski, mus</marc:subfield><marc:subfield code="a">Le Lac des cygnes : extrait : Theme de Dracula / Piotr Ilyich Tchaikovski, mus. ; Catherine Farley, arr.</marc:subfield><marc:subfield code="a">La Guerre des mondes : theme / Leith Stevens</marc:subfield><marc:subfield code="a">La Chambre des tortures : theme / Richard Band</marc:subfield><marc:subfield code="a">Alien : theme / Jerry Goldsmith</marc:subfield><marc:subfield code="a">La Chose : theme / Dimitri Tiomkin</marc:subfield><marc:subfield code="a">Poltergeist : theme / Jerry Goldsmith</marc:subfield><marc:subfield code="a">La Quatrième dimension : theme / Marius Constant</marc:subfield><marc:subfield code="a">Terminator : theme / Brad Fiedel</marc:subfield><marc:subfield code="a">Les Dents de la mer : theme / John Williams</marc:subfield><marc:subfield code="a">Blade runner : theme / Vangelis</marc:subfield><marc:subfield code="a">Psychose : theme / Bernard Herrmann</marc:subfield><marc:subfield code="a">The Resurrected : theme / Richard Band.</marc:subfield></marc:datafield><marc:datafield tag="339" ind1=" " ind2=" "><marc:subfield code="a">m</marc:subfield></marc:datafield><marc:datafield tag="606" ind1=" " ind2=" "><marc:subfield code="2">rameau</marc:subfield><marc:subfield code="a">Musique de film</marc:subfield><marc:subfield code="x">Anthologies</marc:subfield></marc:datafield><marc:datafield tag="679" ind1=" " ind2=" "><marc:subfield code="a">520</marc:subfield></marc:datafield><marc:datafield tag="701" ind1="0" ind2=" "><marc:subfield code="9">284992</marc:subfield><marc:subfield code="a">Musorgskij</marc:subfield><marc:subfield code="b">Modest Petrovič</marc:subfield><marc:subfield code="f">1839-1881</marc:subfield></marc:datafield><marc:datafield tag="701" ind1="0" ind2=" "><marc:subfield code="9">146765</marc:subfield><marc:subfield code="a">Constant</marc:subfield><marc:subfield code="b">Marius</marc:subfield><marc:subfield code="f">1925-....</marc:subfield></marc:datafield><marc:datafield tag="701" ind1="0" ind2=" "><marc:subfield code="9">284991</marc:subfield><marc:subfield code="a">Williams</marc:subfield><marc:subfield code="b">John</marc:subfield><marc:subfield code="f">1932-....</marc:subfield></marc:datafield><marc:datafield tag="701" ind1="0" ind2=" "><marc:subfield code="9">272722</marc:subfield><marc:subfield code="a">Vangelis</marc:subfield><marc:subfield code="f">1943-....</marc:subfield></marc:datafield><marc:datafield tag="701" ind1="0" ind2=" "><marc:subfield code="9">272778</marc:subfield><marc:subfield code="a">Tchaïkovski</marc:subfield><marc:subfield code="b">Piotr Ilitch</marc:subfield><marc:subfield code="f">1840-1893</marc:subfield></marc:datafield><marc:datafield tag="801" ind1=" " ind2=" "><marc:subfield code="a">FR</marc:subfield><marc:subfield code="b">595126101</marc:subfield><marc:subfield code="c">20160131</marc:subfield><marc:subfield code="g">AFNOR</marc:subfield></marc:datafield><marc:datafield tag="995" ind1=" " ind2=" "><marc:subfield code="0">0</marc:subfield><marc:subfield code="2">0</marc:subfield><marc:subfield code="4">0</marc:subfield><marc:subfield code="5">2005-03-22</marc:subfield><marc:subfield code="9">304</marc:subfield><marc:subfield code="P">22.26</marc:subfield><marc:subfield code="b">MED</marc:subfield><marc:subfield code="c">MED</marc:subfield><marc:subfield code="e">MED1A</marc:subfield><marc:subfield code="f">C0000407082</marc:subfield><marc:subfield code="h">AAPCIMF</marc:subfield><marc:subfield code="k">DC/520 CIN</marc:subfield><marc:subfield code="o">0</marc:subfield><marc:subfield code="p">22.26</marc:subfield><marc:subfield code="r">PRETSON</marc:subfield><marc:subfield code="s">DC_520_000000000000000_CIN</marc:subfield><marc:subfield code="w">128</marc:subfield><marc:subfield code="y">2017-09-13</marc:subfield></marc:datafield></marc:record>