<marc:record><marc:leader>03100nj  a2200433   4500</marc:leader><marc:controlfield tag="001">216</marc:controlfield><marc:controlfield tag="005">20180719171500.0</marc:controlfield><marc:datafield tag="035" ind1="0" ind2="0"><marc:subfield code="a">HZ_RBX495</marc:subfield></marc:datafield><marc:datafield tag="071" ind1="0" ind2="0"><marc:subfield code="b">Flarenasch</marc:subfield><marc:subfield code="a">182 042</marc:subfield></marc:datafield><marc:datafield tag="090" ind1=" " ind2=" "><marc:subfield code="a">216</marc:subfield></marc:datafield><marc:datafield tag="091" ind1=" " ind2=" "><marc:subfield code="a">1</marc:subfield><marc:subfield code="b">20180701</marc:subfield><marc:subfield code="c">0</marc:subfield></marc:datafield><marc:datafield tag="099" ind1=" " ind2=" "><marc:subfield code="t">DC</marc:subfield><marc:subfield code="c">2014-06-30</marc:subfield><marc:subfield code="d">2014-06-30</marc:subfield><marc:subfield code="x">8</marc:subfield></marc:datafield><marc:datafield tag="100" ind1=" " ind2=" "><marc:subfield code="a">19       1992    k  y0frey5003    ba</marc:subfield></marc:datafield><marc:datafield tag="101" ind1=" " ind2=" "><marc:subfield code="a">fre</marc:subfield></marc:datafield><marc:datafield tag="200" ind1=" " ind2=" "><marc:subfield code="a">Chantons Brassens</marc:subfield><marc:subfield code="b">Enr. sonore</marc:subfield><marc:subfield code="f">Georges Brassens, par. et mus.</marc:subfield><marc:subfield code="g">Joël Favreau, orch.</marc:subfield><marc:subfield code="g">Philippe Léotard, chant</marc:subfield><marc:subfield code="g">Michel Fugain</marc:subfield><marc:subfield code="g">Catherine Le Forestier; [et al]...</marc:subfield></marc:datafield><marc:datafield tag="210" ind1=" " ind2=" "><marc:subfield code="c">Musidisc</marc:subfield><marc:subfield code="a">France</marc:subfield><marc:subfield code="d">[1992]</marc:subfield></marc:datafield><marc:datafield tag="215" ind1=" " ind2=" "><marc:subfield code="a">1 d.c.</marc:subfield><marc:subfield code="e">1 brochure</marc:subfield></marc:datafield><marc:datafield tag="305" ind1=" " ind2=" "><marc:subfield code="a">[1992] d&apos;après la date d&apos;enregistrement</marc:subfield></marc:datafield><marc:datafield tag="323" ind1=" " ind2=" "><marc:subfield code="a">Richard Galliano, acrdn, bandonéon, trombone ; Jean-Charles Capon, vcl ; Pierre Michelot, cb ; Thierry Arpino, batt. ; Gérard Niobey, guit. ; Pierre Dutour, trp, bugle ; Michel Godard, tuba ; Francis Cournet, fl, clar., saxo ténor ; Michel Grailler, p. Jean-Michel Boris, Frédéric Jérome, Claudie et Marcel Gotlib, Dominique et Jean Sole, Catherine Mou-lin, Les Sardines, chœurs dans &quot;Le Gorille&quot;.</marc:subfield></marc:datafield><marc:datafield tag="327" ind1=" " ind2=" "><marc:subfield code="a">Disque 1 : Saturne / P. Léotard. Je me suis fait tout petit / M. Fugain. Pénélope / C. Le Forestier; J. Favreau. Chansons pour l&apos;Auvergnat / M. Dibango. Les Passants / F. Cabrel. Celui qui a mal tourné / Renaud. Il n&apos;y a pas d&apos;amour heureux / F. Hardy. Le Temps ne fait rien à l&apos;affaire / A. Souchon. Les Amoureux des bancs publics / R. Didier. La Complainte des filles de joie / J. Balasko. Embrasse les tous / M. Le Forestier. Le 22 septembre / J. Favreau. Le Gorille / P. Richard. Les Copains d&apos;abord / L&apos;Orchestre. Disque 2 : Accompagnement seul : Saturne ; Je me suis fait tout petit. Pénélope. Chansons pour l&apos;Auvergnat. Les Passantes ; Celui qui a mal tourné ; Il n&apos;y a pas d&apos;amour heureux ; Le Temps ne fait rien à l&apos;affaire ; Les Amoureux des bancs publics ; La Complaintes des filles de joie ; Embrasse les tous ; Le 22 septembre ; Le Gorille ; Les Copains d&apos;abord.</marc:subfield></marc:datafield><marc:datafield tag="339" ind1=" " ind2=" "><marc:subfield code="a">m</marc:subfield></marc:datafield><marc:datafield tag="679" ind1=" " ind2=" "><marc:subfield code="a">099.2</marc:subfield></marc:datafield><marc:datafield tag="701" ind1="0" ind2=" "><marc:subfield code="9">5529</marc:subfield><marc:subfield code="3">12070631</marc:subfield><marc:subfield code="a">Léotard</marc:subfield><marc:subfield code="b">Philippe</marc:subfield><marc:subfield code="f">1940-2001</marc:subfield></marc:datafield><marc:datafield tag="701" ind1="0" ind2=" "><marc:subfield code="9">9558</marc:subfield><marc:subfield code="3">13893826</marc:subfield><marc:subfield code="a">Favreau</marc:subfield><marc:subfield code="b">Joël</marc:subfield><marc:subfield code="f">1939-....</marc:subfield></marc:datafield><marc:datafield tag="702" ind1="0" ind2=" "><marc:subfield code="9">77351</marc:subfield><marc:subfield code="a">Hardy</marc:subfield><marc:subfield code="b">Françoise</marc:subfield><marc:subfield code="f">1944-....</marc:subfield></marc:datafield><marc:datafield tag="702" ind1="0" ind2=" "><marc:subfield code="9">278987</marc:subfield><marc:subfield code="a">Souchon</marc:subfield><marc:subfield code="b">Alain</marc:subfield><marc:subfield code="f">1944-....</marc:subfield></marc:datafield><marc:datafield tag="702" ind1="0" ind2=" "><marc:subfield code="9">2575</marc:subfield><marc:subfield code="a">Renaud</marc:subfield><marc:subfield code="f">1952-....</marc:subfield></marc:datafield><marc:datafield tag="702" ind1="0" ind2=" "><marc:subfield code="9">348</marc:subfield><marc:subfield code="3">13896487</marc:subfield><marc:subfield code="a">Le Forestier</marc:subfield><marc:subfield code="b">Maxime</marc:subfield><marc:subfield code="f">1949-....</marc:subfield></marc:datafield><marc:datafield tag="702" ind1="0" ind2=" "><marc:subfield code="9">349</marc:subfield><marc:subfield code="3">12137495</marc:subfield><marc:subfield code="a">Dibango</marc:subfield><marc:subfield code="b">Manu</marc:subfield><marc:subfield code="f">1933-....</marc:subfield></marc:datafield><marc:datafield tag="702" ind1="0" ind2=" "><marc:subfield code="9">146768</marc:subfield><marc:subfield code="3">12123869</marc:subfield><marc:subfield code="a">Richard</marc:subfield><marc:subfield code="b">Pierre Edwis</marc:subfield><marc:subfield code="c">comédien</marc:subfield><marc:subfield code="f">1951-....</marc:subfield></marc:datafield><marc:datafield tag="702" ind1="0" ind2=" "><marc:subfield code="9">10306</marc:subfield><marc:subfield code="3">13933290</marc:subfield><marc:subfield code="a">Graillier</marc:subfield><marc:subfield code="b">Michel</marc:subfield><marc:subfield code="f">1946-2003</marc:subfield></marc:datafield><marc:datafield tag="702" ind1="0" ind2=" "><marc:subfield code="9">7110</marc:subfield><marc:subfield code="3">13891082</marc:subfield><marc:subfield code="a">Balasko</marc:subfield><marc:subfield code="b">Josiane</marc:subfield><marc:subfield code="f">1952-....</marc:subfield></marc:datafield><marc:datafield tag="702" ind1="0" ind2=" "><marc:subfield code="9">11634</marc:subfield><marc:subfield code="3">13999452</marc:subfield><marc:subfield code="a">Le Forestier</marc:subfield><marc:subfield code="b">Catherine</marc:subfield><marc:subfield code="f">1946-....</marc:subfield></marc:datafield><marc:datafield tag="702" ind1="0" ind2=" "><marc:subfield code="9">4703</marc:subfield><marc:subfield code="3">13894200</marc:subfield><marc:subfield code="a">Fugain</marc:subfield><marc:subfield code="b">Michel</marc:subfield><marc:subfield code="f">1942-....</marc:subfield></marc:datafield><marc:datafield tag="702" ind1="0" ind2=" "><marc:subfield code="9">4369</marc:subfield><marc:subfield code="3">13893272</marc:subfield><marc:subfield code="a">Didier</marc:subfield><marc:subfield code="b">Romain</marc:subfield><marc:subfield code="f">1949-....</marc:subfield></marc:datafield><marc:datafield tag="702" ind1="0" ind2=" "><marc:subfield code="9">4581</marc:subfield><marc:subfield code="3">12081011</marc:subfield><marc:subfield code="a">Cabrel</marc:subfield><marc:subfield code="b">Francis</marc:subfield><marc:subfield code="f">1953-....</marc:subfield></marc:datafield><marc:datafield tag="702" ind1="0" ind2=" "><marc:subfield code="9">47701</marc:subfield><marc:subfield code="7">ba0yba0y</marc:subfield><marc:subfield code="8">fre   </marc:subfield><marc:subfield code="a">Michelot</marc:subfield><marc:subfield code="b">Pierre</marc:subfield><marc:subfield code="f">1939-....</marc:subfield></marc:datafield><marc:datafield tag="801" ind1=" " ind2=" "><marc:subfield code="a">FR</marc:subfield><marc:subfield code="b">595126101</marc:subfield><marc:subfield code="c">20160131</marc:subfield><marc:subfield code="g">AFNOR</marc:subfield></marc:datafield><marc:datafield tag="995" ind1=" " ind2=" "><marc:subfield code="0">0</marc:subfield><marc:subfield code="2">0</marc:subfield><marc:subfield code="4">0</marc:subfield><marc:subfield code="5">2005-03-22</marc:subfield><marc:subfield code="9">305</marc:subfield><marc:subfield code="P">27.14</marc:subfield><marc:subfield code="b">MED</marc:subfield><marc:subfield code="c">MED</marc:subfield><marc:subfield code="e">MED1A</marc:subfield><marc:subfield code="f">C0000405975</marc:subfield><marc:subfield code="h">AMV80ZZ</marc:subfield><marc:subfield code="k">DC/099.2 BRA</marc:subfield><marc:subfield code="l">contient : 2 d.c.</marc:subfield><marc:subfield code="o">0</marc:subfield><marc:subfield code="p">27.14</marc:subfield><marc:subfield code="r">PRETSON</marc:subfield><marc:subfield code="s">DC_099_200000000000000_BRA</marc:subfield><marc:subfield code="w">147</marc:subfield><marc:subfield code="y">2018-05-31</marc:subfield></marc:datafield></marc:record>