<marc:record><marc:leader>01709nj  a2200289   4500</marc:leader><marc:controlfield tag="001">217</marc:controlfield><marc:controlfield tag="003">http://www.mediathequederoubaix.fr/ark:/20179/KH217</marc:controlfield><marc:controlfield tag="005">20180720164829.0</marc:controlfield><marc:datafield tag="035" ind1="0" ind2="0"><marc:subfield code="a">HZ_RBX496</marc:subfield></marc:datafield><marc:datafield tag="071" ind1="0" ind2="0"><marc:subfield code="b">Versailles</marc:subfield><marc:subfield code="a">473551 2</marc:subfield></marc:datafield><marc:datafield tag="090" ind1=" " ind2=" "><marc:subfield code="a">217</marc:subfield></marc:datafield><marc:datafield tag="091" ind1=" " ind2=" "><marc:subfield code="a">1</marc:subfield><marc:subfield code="b">20180701</marc:subfield><marc:subfield code="c">0</marc:subfield></marc:datafield><marc:datafield tag="099" ind1=" " ind2=" "><marc:subfield code="t">DC</marc:subfield><marc:subfield code="c">2014-06-30</marc:subfield><marc:subfield code="d">2014-06-30</marc:subfield><marc:subfield code="x">24</marc:subfield></marc:datafield><marc:datafield tag="100" ind1=" " ind2=" "><marc:subfield code="a">19       1957    k  y0frey5003    ba</marc:subfield></marc:datafield><marc:datafield tag="101" ind1=" " ind2=" "><marc:subfield code="a">fre</marc:subfield></marc:datafield><marc:datafield tag="200" ind1=" " ind2=" "><marc:subfield code="a">Love forever</marc:subfield><marc:subfield code="b">Enr. sonore</marc:subfield><marc:subfield code="f">Barry White</marc:subfield></marc:datafield><marc:datafield tag="210" ind1=" " ind2=" "><marc:subfield code="a">[Neuilly-sur-Seine]</marc:subfield><marc:subfield code="c">Sony Music</marc:subfield><marc:subfield code="d">P 1957 à P 1984. P 1993</marc:subfield></marc:datafield><marc:datafield tag="215" ind1=" " ind2=" "><marc:subfield code="a">2 c.d.</marc:subfield><marc:subfield code="e">1 brochure</marc:subfield></marc:datafield><marc:datafield tag="327" ind1=" " ind2=" "><marc:subfield code="a">Disque 1 : It ain&apos;t love, babe : until you give it ; Hung up in your love ; You&apos;re the one I need ; Any fool could see : you were meant for me ; Love ain&apos;t easy ; Love song ; I&apos;m on fire ; I believe in love ; America ; Don&apos;t forget...remember ; All in the run of a day ; Don&apos;t let&apos;em blow your mind ; Our theme: part 1 ; Our theme : part 2 Disque 2 : Change ; Sheet music ; Lady, sweet lady ; She&apos;s everything to me ; Beware ; Relax to the Max ; Let me in and let&apos;s begin with love ; You&apos;re my high ; The Better love is : the worse is when it&apos;s over ; Rio de janeiro ; Dreams ; Louie Louie ; Tell me who do you love ; I want you.</marc:subfield></marc:datafield><marc:datafield tag="339" ind1=" " ind2=" "><marc:subfield code="a">m</marc:subfield></marc:datafield><marc:datafield tag="606" ind1=" " ind2=" "><marc:subfield code="a">Funk</marc:subfield><marc:subfield code="y">Etats-Unis</marc:subfield><marc:subfield code="x">Disques</marc:subfield><marc:subfield code="2">rameau</marc:subfield></marc:datafield><marc:datafield tag="606" ind1=" " ind2=" "><marc:subfield code="a">Violon, Musique de (rock)</marc:subfield><marc:subfield code="x">Disques</marc:subfield><marc:subfield code="2">rameau</marc:subfield></marc:datafield><marc:datafield tag="606" ind1=" " ind2=" "><marc:subfield code="7">ba0yba0y</marc:subfield><marc:subfield code="8">fre   </marc:subfield><marc:subfield code="3">11933300</marc:subfield><marc:subfield code="9">225</marc:subfield><marc:subfield code="a">Soul music</marc:subfield><marc:subfield code="x">Disques</marc:subfield><marc:subfield code="y">Etats-Unis</marc:subfield><marc:subfield code="2">rameau</marc:subfield></marc:datafield><marc:datafield tag="679" ind1=" " ind2=" "><marc:subfield code="a">180</marc:subfield></marc:datafield><marc:datafield tag="700" ind1="0" ind2=" "><marc:subfield code="9">284993</marc:subfield><marc:subfield code="a">White</marc:subfield><marc:subfield code="b">Barry</marc:subfield><marc:subfield code="f">1944-2003</marc:subfield></marc:datafield><marc:datafield tag="801" ind1=" " ind2="0"><marc:subfield code="a">FR</marc:subfield><marc:subfield code="b">595126101</marc:subfield><marc:subfield code="c">20110525</marc:subfield><marc:subfield code="g">AFNOR</marc:subfield></marc:datafield><marc:datafield tag="995" ind1=" " ind2=" "><marc:subfield code="0">0</marc:subfield><marc:subfield code="2">0</marc:subfield><marc:subfield code="3">0</marc:subfield><marc:subfield code="4">1</marc:subfield><marc:subfield code="5">2005-03-22</marc:subfield><marc:subfield code="9">306</marc:subfield><marc:subfield code="P">34.00</marc:subfield><marc:subfield code="b">MED</marc:subfield><marc:subfield code="c">MED</marc:subfield><marc:subfield code="e">MED1A</marc:subfield><marc:subfield code="f">C0000407058</marc:subfield><marc:subfield code="h">AMV14ZZ</marc:subfield><marc:subfield code="k">DC/180 WHI</marc:subfield><marc:subfield code="l">Contient : 2 CD + 1 brochure</marc:subfield><marc:subfield code="o">4</marc:subfield><marc:subfield code="p">34.00</marc:subfield><marc:subfield code="r">PRETSON</marc:subfield><marc:subfield code="s">DC_180_000000000000000_WHI</marc:subfield><marc:subfield code="w">272</marc:subfield><marc:subfield code="y">2018-04-05</marc:subfield><marc:subfield code="A">0</marc:subfield></marc:datafield></marc:record>