<marc:record><marc:leader>02095nj  a2200337   4500</marc:leader><marc:controlfield tag="001">218</marc:controlfield><marc:controlfield tag="005">20180701143304.0</marc:controlfield><marc:datafield tag="035" ind1="0" ind2="0"><marc:subfield code="a">HZ_RBX497</marc:subfield></marc:datafield><marc:datafield tag="071" ind1="0" ind2="0"><marc:subfield code="b">Astree</marc:subfield><marc:subfield code="a">E 8501</marc:subfield></marc:datafield><marc:datafield tag="090" ind1=" " ind2=" "><marc:subfield code="a">218</marc:subfield></marc:datafield><marc:datafield tag="091" ind1=" " ind2=" "><marc:subfield code="a">1</marc:subfield><marc:subfield code="b">20180701</marc:subfield><marc:subfield code="c">0</marc:subfield></marc:datafield><marc:datafield tag="099" ind1=" " ind2=" "><marc:subfield code="t">DC</marc:subfield><marc:subfield code="c">2014-06-30</marc:subfield><marc:subfield code="d">2014-06-30</marc:subfield><marc:subfield code="x">0</marc:subfield></marc:datafield><marc:datafield tag="100" ind1=" " ind2=" "><marc:subfield code="a">19       1992    k  y0frey5003    ba</marc:subfield></marc:datafield><marc:datafield tag="101" ind1=" " ind2=" "><marc:subfield code="a">fre</marc:subfield></marc:datafield><marc:datafield tag="200" ind1=" " ind2=" "><marc:subfield code="a">Montezuma</marc:subfield><marc:subfield code="b">Enr. sonore</marc:subfield><marc:subfield code="e">Drama per Musica</marc:subfield><marc:subfield code="e">Opèra en trois actes</marc:subfield><marc:subfield code="e">Pasticcio de J.C. Malgoire</marc:subfield><marc:subfield code="f">Antonio Vivaldi</marc:subfield><marc:subfield code="g">Girolamo Giusti, livret</marc:subfield><marc:subfield code="g">Dominique Visse, A (Montezuma)</marc:subfield><marc:subfield code="g">Danielle Brost, S (Mitrena)</marc:subfield><marc:subfield code="g">Isabelle Poulenard, S (Teutile)</marc:subfield><marc:subfield code="g">Nicolas Rivenq, BAR (Fernando) ; [et al]...</marc:subfield><marc:subfield code="g">La Grande Ecurie et la Chambre du Roy</marc:subfield><marc:subfield code="g">Jean-Claude Malgoire, dir.</marc:subfield></marc:datafield><marc:datafield tag="210" ind1=" " ind2=" "><marc:subfield code="c">Auvidis</marc:subfield><marc:subfield code="a">Paris</marc:subfield><marc:subfield code="d">P 1992</marc:subfield></marc:datafield><marc:datafield tag="215" ind1=" " ind2=" "><marc:subfield code="a">2 d.c.</marc:subfield><marc:subfield code="e">1 livret (160 p : ill. ; 12 cm)</marc:subfield></marc:datafield><marc:datafield tag="305" ind1=" " ind2=" "><marc:subfield code="a">Pasticcio de J.C. Malgoire, sur le livret et des extraits d&apos;opèras, de sérénades et de cantates de Vivaldi (en remplacement de la musique perdue).</marc:subfield></marc:datafield><marc:datafield tag="305" ind1="0" ind2="0"><marc:subfield code="a">Enr. live à l&apos;issue de la création mondiale donnéele 8 mai1992 au Printemps des Arts de Monte-Carlo</marc:subfield></marc:datafield><marc:datafield tag="307" ind1=" " ind2=" "><marc:subfield code="a">texte de présentation en français de J.C. Malgoire, R.C. Travers, S. Gruzinski avec trad. en italien, espagnol et angl. Texte de l&apos;opèra en franç., italien; espagnol et angl.</marc:subfield></marc:datafield><marc:datafield tag="322" ind1=" " ind2=" "><marc:subfield code="a">Coproduction Auvidis, Atelier Lyrique de Tourcoing, Région Nord/Pas de Calais</marc:subfield></marc:datafield><marc:datafield tag="323" ind1=" " ind2=" "><marc:subfield code="a">Interpr. aussi par : Brigitte Balleys, MS (Ramiro); Luis Masson, B (Asprano).</marc:subfield></marc:datafield><marc:datafield tag="327" ind1=" " ind2=" "><marc:subfield code="a">Disque 1 : Ouverture : Sinfonia ; Acte I ; Scénes 1, 2, 4 à 16 ; Acte II: Scènes 1, 4, 5.</marc:subfield><marc:subfield code="a">Disque 2 : Scènes 7, 10, 11-13, 13, 14 ; Acte III : Scènes 1 à 6, 9 à 11, scène ultime.</marc:subfield></marc:datafield><marc:datafield tag="339" ind1=" " ind2=" "><marc:subfield code="a">m</marc:subfield></marc:datafield><marc:datafield tag="606" ind1=" " ind2=" "><marc:subfield code="9">236003</marc:subfield><marc:subfield code="a">Opéras</marc:subfield><marc:subfield code="x">Disques</marc:subfield></marc:datafield><marc:datafield tag="606" ind1=" " ind2=" "><marc:subfield code="9">236004</marc:subfield><marc:subfield code="a">Musique</marc:subfield><marc:subfield code="z">17e siècle</marc:subfield><marc:subfield code="x">Disques</marc:subfield></marc:datafield><marc:datafield tag="679" ind1=" " ind2=" "><marc:subfield code="a">3</marc:subfield><marc:subfield code="c">35</marc:subfield></marc:datafield><marc:datafield tag="700" ind1=" " ind2=" "><marc:subfield code="9">655</marc:subfield><marc:subfield code="a">Vivaldi</marc:subfield><marc:subfield code="b">Antonio</marc:subfield><marc:subfield code="f">1678-1741</marc:subfield></marc:datafield><marc:datafield tag="702" ind1=" " ind2=" "><marc:subfield code="9">6842</marc:subfield><marc:subfield code="a">Malgoire</marc:subfield><marc:subfield code="b">Jean-Claude</marc:subfield><marc:subfield code="f">1940-....</marc:subfield></marc:datafield><marc:datafield tag="801" ind1=" " ind2=" "><marc:subfield code="a">FR</marc:subfield><marc:subfield code="b">595126101</marc:subfield><marc:subfield code="c">20160703</marc:subfield><marc:subfield code="g">AFNOR</marc:subfield></marc:datafield><marc:datafield tag="995" ind1=" " ind2=" "><marc:subfield code="0">0</marc:subfield><marc:subfield code="2">0</marc:subfield><marc:subfield code="4">0</marc:subfield><marc:subfield code="5">2005-03-22</marc:subfield><marc:subfield code="9">307</marc:subfield><marc:subfield code="P">45.12</marc:subfield><marc:subfield code="b">MED</marc:subfield><marc:subfield code="c">MED</marc:subfield><marc:subfield code="e">MED3C</marc:subfield><marc:subfield code="f">C0000407066</marc:subfield><marc:subfield code="h">AMV30ZZ</marc:subfield><marc:subfield code="k">DC/3 VIV/35</marc:subfield><marc:subfield code="l">coffret 2 cd + 1 livret</marc:subfield><marc:subfield code="o">0</marc:subfield><marc:subfield code="p">45.12</marc:subfield><marc:subfield code="r">PRETSON</marc:subfield><marc:subfield code="s">DC_3_000000000000000_VIV35</marc:subfield><marc:subfield code="w">21</marc:subfield><marc:subfield code="y">2008-08-02</marc:subfield></marc:datafield></marc:record>