<marc:record><marc:leader>02178nj  a2200373   4500</marc:leader><marc:controlfield tag="001">221</marc:controlfield><marc:controlfield tag="003">http://www.mediathequederoubaix.fr/ark:/20179/KH221</marc:controlfield><marc:controlfield tag="005">20180701143304.0</marc:controlfield><marc:datafield tag="035" ind1="0" ind2="0"><marc:subfield code="a">HZ_RBX508</marc:subfield></marc:datafield><marc:datafield tag="071" ind1="0" ind2="0"><marc:subfield code="b">Arion</marc:subfield><marc:subfield code="a">ARN 64208</marc:subfield></marc:datafield><marc:datafield tag="090" ind1=" " ind2=" "><marc:subfield code="a">221</marc:subfield></marc:datafield><marc:datafield tag="091" ind1=" " ind2=" "><marc:subfield code="a">1</marc:subfield><marc:subfield code="b">20180701</marc:subfield><marc:subfield code="c">0</marc:subfield></marc:datafield><marc:datafield tag="099" ind1=" " ind2=" "><marc:subfield code="t">DC</marc:subfield><marc:subfield code="c">2014-06-30</marc:subfield><marc:subfield code="d">2014-06-30</marc:subfield><marc:subfield code="x">0</marc:subfield></marc:datafield><marc:datafield tag="100" ind1=" " ind2=" "><marc:subfield code="a">19               k  y0frey5003    ba</marc:subfield></marc:datafield><marc:datafield tag="101" ind1=" " ind2=" "><marc:subfield code="a">fre</marc:subfield></marc:datafield><marc:datafield tag="200" ind1=" " ind2=" "><marc:subfield code="a">Musique juive, tzigane, slave...</marc:subfield><marc:subfield code="b">Enr. sonore</marc:subfield><marc:subfield code="h">Vol. 2</marc:subfield><marc:subfield code="f">Shpil es Nokh a Mol : Orchestre Klezmer.</marc:subfield></marc:datafield><marc:datafield tag="210" ind1=" " ind2=" "><marc:subfield code="c">Auvidis</marc:subfield><marc:subfield code="b">P 1992</marc:subfield></marc:datafield><marc:datafield tag="215" ind1=" " ind2=" "><marc:subfield code="a">1 d.c.</marc:subfield><marc:subfield code="e">1 brochure</marc:subfield></marc:datafield><marc:datafield tag="323" ind1=" " ind2=" "><marc:subfield code="a">Shpil es Nokh a Mol est composé de : Kœn de Cauter, guit. ; Luc D&apos;hondt, perc. ; Henry Goldman, chant ; Philippe Leblanc, clar. ; Maurice La Gaulois, arr., acrdn ; Hugo Mathijsen, tuba ; Ulysse Waterlot, vl.</marc:subfield></marc:datafield><marc:datafield tag="327" ind1=" " ind2=" "><marc:subfield code="a">Freylech : Musique de fête trad. ; Nokh a glezl vayn : hora, sher = Encore un verre de vin ; Uskudar : Terkish ; Medyatziner waltz : valse lente ; Bulgar : freylech ; Sprayz ikh mir : chanson tzigane ; Onga bucharesti : sher ; A Glezele yash = Un Petit verre d&apos;alcool : chanson yiddish ; Macédoine à 7 temps : Yougoslavie ; Kamariska : Russie ; Keshenever pogrom : chanson yiddish ; Fun Tashlik : hora, freylech ; Mekhuteneste mayne : chanson yiddish ; Hora et Sirba : danses de Roumanie ; Kinder yorn = Les Années d&apos;enfance : version instr. ; Yoshke fort avek = Yoshke s&apos;en va : chanson yiddish ; Doina de violon.</marc:subfield></marc:datafield><marc:datafield tag="339" ind1=" " ind2=" "><marc:subfield code="a">m</marc:subfield></marc:datafield><marc:datafield tag="606" ind1=" " ind2=" "><marc:subfield code="a">Tsiganes</marc:subfield><marc:subfield code="x">Musique</marc:subfield><marc:subfield code="2">rameau</marc:subfield></marc:datafield><marc:datafield tag="679" ind1=" " ind2=" "><marc:subfield code="a">001.1</marc:subfield></marc:datafield><marc:datafield tag="606" ind1=" " ind2=" "><marc:subfield code="7">ba0yba0y</marc:subfield><marc:subfield code="8">fre   </marc:subfield><marc:subfield code="a">Chansons yiddish</marc:subfield><marc:subfield code="3">11957794</marc:subfield><marc:subfield code="9">354</marc:subfield><marc:subfield code="x">Disques</marc:subfield><marc:subfield code="2">rameau</marc:subfield></marc:datafield><marc:datafield tag="606" ind1=" " ind2=" "><marc:subfield code="7">ba0yba0y</marc:subfield><marc:subfield code="8">fre   </marc:subfield><marc:subfield code="a">Klezmer</marc:subfield><marc:subfield code="3">13507523</marc:subfield><marc:subfield code="9">355</marc:subfield><marc:subfield code="x">Disques</marc:subfield><marc:subfield code="2">rameau</marc:subfield></marc:datafield><marc:datafield tag="701" ind1="0" ind2=" "><marc:subfield code="9">146809</marc:subfield><marc:subfield code="a">D&apos;Hondt</marc:subfield><marc:subfield code="b">Luc</marc:subfield></marc:datafield><marc:datafield tag="701" ind1="0" ind2=" "><marc:subfield code="9">146810</marc:subfield><marc:subfield code="a">De Cauter</marc:subfield><marc:subfield code="b">Kœn</marc:subfield></marc:datafield><marc:datafield tag="701" ind1="0" ind2=" "><marc:subfield code="9">146811</marc:subfield><marc:subfield code="a">Leblanc</marc:subfield><marc:subfield code="b">Philippe</marc:subfield></marc:datafield><marc:datafield tag="701" ind1="0" ind2=" "><marc:subfield code="9">146812</marc:subfield><marc:subfield code="a">Goldman</marc:subfield><marc:subfield code="b">Henry</marc:subfield></marc:datafield><marc:datafield tag="701" ind1="0" ind2=" "><marc:subfield code="9">146813</marc:subfield><marc:subfield code="a">Mathijsen</marc:subfield><marc:subfield code="b">Hugo</marc:subfield></marc:datafield><marc:datafield tag="701" ind1="0" ind2=" "><marc:subfield code="9">146814</marc:subfield><marc:subfield code="a">Waterlot</marc:subfield><marc:subfield code="b">Ulysse</marc:subfield></marc:datafield><marc:datafield tag="701" ind1="0" ind2=" "><marc:subfield code="9">357</marc:subfield><marc:subfield code="7">ba0yba0y</marc:subfield><marc:subfield code="8">fre   </marc:subfield><marc:subfield code="3">14197367</marc:subfield><marc:subfield code="7">ba0yba0y</marc:subfield><marc:subfield code="8">fre   </marc:subfield><marc:subfield code="a">Le Gaulois</marc:subfield><marc:subfield code="b">Maurice</marc:subfield></marc:datafield><marc:datafield tag="710" ind1="0" ind2=" "><marc:subfield code="9">122822</marc:subfield><marc:subfield code="a">Shpil es Nokh a Mol</marc:subfield></marc:datafield><marc:datafield tag="995" ind1=" " ind2=" "><marc:subfield code="0">0</marc:subfield><marc:subfield code="2">2</marc:subfield><marc:subfield code="4">0</marc:subfield><marc:subfield code="5">2005-03-22</marc:subfield><marc:subfield code="9">310</marc:subfield><marc:subfield code="P">21.95</marc:subfield><marc:subfield code="b">MED</marc:subfield><marc:subfield code="c">MED</marc:subfield><marc:subfield code="e">MED1A</marc:subfield><marc:subfield code="f">C0000407008</marc:subfield><marc:subfield code="h">AMV90ZZ</marc:subfield><marc:subfield code="k">DC/001.1 SHP</marc:subfield><marc:subfield code="o">4</marc:subfield><marc:subfield code="p">21.95</marc:subfield><marc:subfield code="r">PRETSON</marc:subfield><marc:subfield code="s">DC_001_100000000000000_SHP</marc:subfield><marc:subfield code="w">100</marc:subfield><marc:subfield code="y">2008-07-25</marc:subfield></marc:datafield></marc:record>