<marc:record><marc:leader>01616nj  a2200373   4500</marc:leader><marc:controlfield tag="001">222</marc:controlfield><marc:controlfield tag="003">http://www.mediathequederoubaix.fr/ark:/20179/KH222</marc:controlfield><marc:controlfield tag="005">20180701143304.0</marc:controlfield><marc:datafield tag="035" ind1="0" ind2="0"><marc:subfield code="a">HZ_RBX510</marc:subfield></marc:datafield><marc:datafield tag="071" ind1="0" ind2="0"><marc:subfield code="b">Virgin</marc:subfield><marc:subfield code="a">86499 2</marc:subfield></marc:datafield><marc:datafield tag="090" ind1=" " ind2=" "><marc:subfield code="a">222</marc:subfield></marc:datafield><marc:datafield tag="091" ind1=" " ind2=" "><marc:subfield code="a">1</marc:subfield><marc:subfield code="b">20180701</marc:subfield><marc:subfield code="c">0</marc:subfield></marc:datafield><marc:datafield tag="099" ind1=" " ind2=" "><marc:subfield code="t">DC</marc:subfield><marc:subfield code="c">2014-06-30</marc:subfield><marc:subfield code="d">2014-06-30</marc:subfield><marc:subfield code="x">2</marc:subfield></marc:datafield><marc:datafield tag="100" ind1=" " ind2=" "><marc:subfield code="a">19       1992    k  y0frey5003    ba</marc:subfield></marc:datafield><marc:datafield tag="101" ind1=" " ind2=" "><marc:subfield code="a">fre</marc:subfield></marc:datafield><marc:datafield tag="200" ind1=" " ind2=" "><marc:subfield code="a">Main offender</marc:subfield><marc:subfield code="b">enr. sonore</marc:subfield><marc:subfield code="f">Keith Richards</marc:subfield></marc:datafield><marc:datafield tag="210" ind1=" " ind2=" "><marc:subfield code="a">[New-York]</marc:subfield><marc:subfield code="c">Virgin Records America, Inc.</marc:subfield><marc:subfield code="d">P 1992</marc:subfield></marc:datafield><marc:datafield tag="215" ind1=" " ind2=" "><marc:subfield code="a">1 d.c.</marc:subfield><marc:subfield code="e">1 dépliant</marc:subfield></marc:datafield><marc:datafield tag="322" ind1=" " ind2=" "><marc:subfield code="a">Steve Jordan, Waddy Wachtel, prod.</marc:subfield></marc:datafield><marc:datafield tag="323" ind1=" " ind2=" "><marc:subfield code="a">Waddy Wachtel, guit., chœurs ; Steve Jordan, Charley Drayton, perc., guit., chœurs ; Ivan Ne- ville, org. ; Sarah Dash, Bernard Fowler, Babi Floyd, chœurs.</marc:subfield></marc:datafield><marc:datafield tag="327" ind1=" " ind2=" "><marc:subfield code="a">999</marc:subfield><marc:subfield code="a">Wicked as it seems</marc:subfield><marc:subfield code="a">Eileen</marc:subfield><marc:subfield code="a">Words of won- der</marc:subfield><marc:subfield code="a">Yap yap</marc:subfield><marc:subfield code="a">Bodytalks</marc:subfield><marc:subfield code="a">Hate it when you leave</marc:subfield><marc:subfield code="a">Runnin&apos; too deep</marc:subfield><marc:subfield code="a">Will but you won&apos;t</marc:subfield><marc:subfield code="a">Demon</marc:subfield></marc:datafield><marc:datafield tag="339" ind1=" " ind2=" "><marc:subfield code="a">m</marc:subfield></marc:datafield><marc:datafield tag="606" ind1=" " ind2=" "><marc:subfield code="2">rameau</marc:subfield><marc:subfield code="a">Rock (musique)</marc:subfield><marc:subfield code="y">Grande-Bretagne</marc:subfield><marc:subfield code="y">Angleterre (GB)</marc:subfield><marc:subfield code="x">Disques</marc:subfield></marc:datafield><marc:datafield tag="679" ind1=" " ind2=" "><marc:subfield code="a">2</marc:subfield></marc:datafield><marc:datafield tag="700" ind1="0" ind2=" "><marc:subfield code="9">18330</marc:subfield><marc:subfield code="3">12279368</marc:subfield><marc:subfield code="a">Richards</marc:subfield><marc:subfield code="b">Keith Sheldon</marc:subfield><marc:subfield code="f">1949-....</marc:subfield></marc:datafield><marc:datafield tag="701" ind1="0" ind2=" "><marc:subfield code="9">146815</marc:subfield><marc:subfield code="3">14144511</marc:subfield><marc:subfield code="a">Wachtel</marc:subfield><marc:subfield code="b">Waddy</marc:subfield><marc:subfield code="f">1947-....</marc:subfield></marc:datafield><marc:datafield tag="701" ind1="0" ind2=" "><marc:subfield code="9">146816</marc:subfield><marc:subfield code="3">14001237</marc:subfield><marc:subfield code="a">Jordan</marc:subfield><marc:subfield code="b">Steve</marc:subfield><marc:subfield code="f">1957-....</marc:subfield></marc:datafield><marc:datafield tag="702" ind1="0" ind2=" "><marc:subfield code="9">146817</marc:subfield><marc:subfield code="a">Neville</marc:subfield><marc:subfield code="b">Ivan</marc:subfield></marc:datafield><marc:datafield tag="702" ind1="0" ind2=" "><marc:subfield code="9">146818</marc:subfield><marc:subfield code="a">Dash</marc:subfield><marc:subfield code="b">Sarah</marc:subfield></marc:datafield><marc:datafield tag="702" ind1="0" ind2=" "><marc:subfield code="9">146819</marc:subfield><marc:subfield code="a">Fowler</marc:subfield><marc:subfield code="b">Bernard</marc:subfield></marc:datafield><marc:datafield tag="702" ind1="0" ind2=" "><marc:subfield code="9">146820</marc:subfield><marc:subfield code="a">Floyd</marc:subfield><marc:subfield code="b">Babi</marc:subfield></marc:datafield><marc:datafield tag="702" ind1="0" ind2=" "><marc:subfield code="9">146821</marc:subfield><marc:subfield code="3">14173169</marc:subfield><marc:subfield code="a">Drayton</marc:subfield><marc:subfield code="b">Charley</marc:subfield></marc:datafield><marc:datafield tag="801" ind1=" " ind2=" "><marc:subfield code="a">FR</marc:subfield><marc:subfield code="b">595126101</marc:subfield><marc:subfield code="c">20160703</marc:subfield><marc:subfield code="g">AFNOR</marc:subfield></marc:datafield><marc:datafield tag="995" ind1=" " ind2=" "><marc:subfield code="0">0</marc:subfield><marc:subfield code="2">0</marc:subfield><marc:subfield code="4">0</marc:subfield><marc:subfield code="5">2005-03-22</marc:subfield><marc:subfield code="9">311</marc:subfield><marc:subfield code="P">23.93</marc:subfield><marc:subfield code="b">MED</marc:subfield><marc:subfield code="c">MED</marc:subfield><marc:subfield code="e">MED3C</marc:subfield><marc:subfield code="f">C0000407236</marc:subfield><marc:subfield code="h">AMV20ZZ</marc:subfield><marc:subfield code="k">DC/2 RIC</marc:subfield><marc:subfield code="o">0</marc:subfield><marc:subfield code="p">23.93</marc:subfield><marc:subfield code="r">PRETSON</marc:subfield><marc:subfield code="s">DC_2_000000000000000_RIC</marc:subfield><marc:subfield code="w">46</marc:subfield><marc:subfield code="y">2016-03-11</marc:subfield></marc:datafield></marc:record>