<marc:record><marc:leader>01327nj  a2200289   4500</marc:leader><marc:controlfield tag="001">223</marc:controlfield><marc:controlfield tag="003">http://www.mediathequederoubaix.fr/ark:/20179/KH223</marc:controlfield><marc:controlfield tag="005">20180701143304.0</marc:controlfield><marc:datafield tag="035" ind1="0" ind2="0"><marc:subfield code="a">HZ_RBX511</marc:subfield></marc:datafield><marc:datafield tag="071" ind1="0" ind2="0"><marc:subfield code="b">Venture</marc:subfield><marc:subfield code="a">CDVE916</marc:subfield></marc:datafield><marc:datafield tag="090" ind1=" " ind2=" "><marc:subfield code="a">223</marc:subfield></marc:datafield><marc:datafield tag="091" ind1=" " ind2=" "><marc:subfield code="a">1</marc:subfield><marc:subfield code="b">20180701</marc:subfield><marc:subfield code="c">0</marc:subfield></marc:datafield><marc:datafield tag="099" ind1=" " ind2=" "><marc:subfield code="t">DC</marc:subfield><marc:subfield code="c">2014-06-30</marc:subfield><marc:subfield code="d">2014-06-30</marc:subfield><marc:subfield code="x">6</marc:subfield></marc:datafield><marc:datafield tag="100" ind1=" " ind2=" "><marc:subfield code="a">19       1992    k  y0frey5003    ba</marc:subfield></marc:datafield><marc:datafield tag="101" ind1=" " ind2=" "><marc:subfield code="a">fre</marc:subfield></marc:datafield><marc:datafield tag="200" ind1=" " ind2=" "><marc:subfield code="a">Royal Festival Hall</marc:subfield><marc:subfield code="b">Enr. sonore</marc:subfield><marc:subfield code="e">Volume 1</marc:subfield><marc:subfield code="f">Klaus Schulze</marc:subfield></marc:datafield><marc:datafield tag="210" ind1=" " ind2=" "><marc:subfield code="a">[London]</marc:subfield><marc:subfield code="c">Virgin Records Ltd.</marc:subfield><marc:subfield code="d">P 1992</marc:subfield></marc:datafield><marc:datafield tag="215" ind1=" " ind2=" "><marc:subfield code="a">1 d.c.</marc:subfield><marc:subfield code="e">1 brochure</marc:subfield></marc:datafield><marc:datafield tag="327" ind1=" " ind2=" "><marc:subfield code="a">Yen : Out of Limbo ; Pastorale : awakening ; Lull before the storm ; Tempest ; Pastorale two ; Pas- torale and departure ; Yearning ; Placid yen ; TheBreath of life ; Back to Limbo. Silence and se- quence : Perigee ; Gentle wind ; Fire-riser ; Clear water.</marc:subfield></marc:datafield><marc:datafield tag="339" ind1=" " ind2=" "><marc:subfield code="a">m</marc:subfield></marc:datafield><marc:datafield tag="606" ind1=" " ind2=" "><marc:subfield code="9">236011</marc:subfield><marc:subfield code="a">Rock (musique)</marc:subfield><marc:subfield code="y">Allemagne</marc:subfield><marc:subfield code="x">Disques</marc:subfield></marc:datafield><marc:datafield tag="606" ind1=" " ind2=" "><marc:subfield code="9">236012</marc:subfield><marc:subfield code="a">Synthétiseur, Musique de (rock)</marc:subfield><marc:subfield code="x">Disques</marc:subfield></marc:datafield><marc:datafield tag="606" ind1=" " ind2=" "><marc:subfield code="9">236013</marc:subfield><marc:subfield code="a">Musique ambiante</marc:subfield><marc:subfield code="y">Allemagne</marc:subfield><marc:subfield code="x">Disques</marc:subfield></marc:datafield><marc:datafield tag="679" ind1=" " ind2=" "><marc:subfield code="a">2</marc:subfield><marc:subfield code="c">70</marc:subfield></marc:datafield><marc:datafield tag="700" ind1="0" ind2=" "><marc:subfield code="9">366</marc:subfield><marc:subfield code="7">ba0yba0y</marc:subfield><marc:subfield code="8">fre   </marc:subfield><marc:subfield code="3">13899564</marc:subfield><marc:subfield code="7">ba0yba0y</marc:subfield><marc:subfield code="8">fre   </marc:subfield><marc:subfield code="a">Schulze</marc:subfield><marc:subfield code="b">Klaus</marc:subfield><marc:subfield code="f">1947-....</marc:subfield></marc:datafield><marc:datafield tag="801" ind1=" " ind2="0"><marc:subfield code="a">FR</marc:subfield><marc:subfield code="b">595126101</marc:subfield><marc:subfield code="c">20070828</marc:subfield><marc:subfield code="g">AFNOR</marc:subfield></marc:datafield><marc:datafield tag="995" ind1=" " ind2=" "><marc:subfield code="0">0</marc:subfield><marc:subfield code="2">0</marc:subfield><marc:subfield code="4">0</marc:subfield><marc:subfield code="5">2005-03-22</marc:subfield><marc:subfield code="9">312</marc:subfield><marc:subfield code="P">23.93</marc:subfield><marc:subfield code="b">MED</marc:subfield><marc:subfield code="c">MED</marc:subfield><marc:subfield code="e">MED1A</marc:subfield><marc:subfield code="f">C0000407244</marc:subfield><marc:subfield code="h">AMV20ZZ</marc:subfield><marc:subfield code="k">DC/2 SCH 70</marc:subfield><marc:subfield code="o">0</marc:subfield><marc:subfield code="p">23.93</marc:subfield><marc:subfield code="r">PRETSON</marc:subfield><marc:subfield code="s">DC_2_SCH_700000000000000</marc:subfield><marc:subfield code="w">46</marc:subfield><marc:subfield code="y">2017-12-09</marc:subfield></marc:datafield></marc:record>