<marc:record><marc:leader>02064nj  a2200349   4500</marc:leader><marc:controlfield tag="001">225</marc:controlfield><marc:controlfield tag="005">20180719171500.0</marc:controlfield><marc:datafield tag="035" ind1="0" ind2="0"><marc:subfield code="a">HZ_RBX514</marc:subfield></marc:datafield><marc:datafield tag="071" ind1="0" ind2="0"><marc:subfield code="b">Astree</marc:subfield><marc:subfield code="a">E 8767</marc:subfield></marc:datafield><marc:datafield tag="090" ind1=" " ind2=" "><marc:subfield code="a">225</marc:subfield></marc:datafield><marc:datafield tag="091" ind1=" " ind2=" "><marc:subfield code="a">1</marc:subfield><marc:subfield code="b">20180701</marc:subfield><marc:subfield code="c">0</marc:subfield></marc:datafield><marc:datafield tag="099" ind1=" " ind2=" "><marc:subfield code="t">DC</marc:subfield><marc:subfield code="c">2014-06-30</marc:subfield><marc:subfield code="d">2014-06-30</marc:subfield><marc:subfield code="x">4</marc:subfield></marc:datafield><marc:datafield tag="100" ind1=" " ind2=" "><marc:subfield code="a">19       1992    k  y0frey5003    ba</marc:subfield></marc:datafield><marc:datafield tag="101" ind1=" " ind2=" "><marc:subfield code="a">fre</marc:subfield></marc:datafield><marc:datafield tag="200" ind1=" " ind2=" "><marc:subfield code="a">Cantica Beatae Virginis</marc:subfield><marc:subfield code="b">enr. sonore</marc:subfield><marc:subfield code="f">Tomàs Luis de Victoria, comp.</marc:subfield><marc:subfield code="g">La Capella Reial de Catalunya, ens. voc.</marc:subfield><marc:subfield code="g">Hespèrion XX, ens. instr.</marc:subfield><marc:subfield code="g">Jordi Savall, dir.</marc:subfield></marc:datafield><marc:datafield tag="210" ind1=" " ind2=" "><marc:subfield code="c">Auvidis</marc:subfield><marc:subfield code="a">Paris</marc:subfield><marc:subfield code="d">P 1992</marc:subfield></marc:datafield><marc:datafield tag="215" ind1=" " ind2=" "><marc:subfield code="a">1 d.c.</marc:subfield><marc:subfield code="e">1 brochure (23 p. ; 12 cm)</marc:subfield></marc:datafield><marc:datafield tag="304" ind1="0" ind2="1"><marc:subfield code="a">Enr. dans la Collégiale romane du Château de Cardona, Catalogne, en avril 1992.</marc:subfield></marc:datafield><marc:datafield tag="327" ind1=" " ind2=" "><marc:subfield code="a">Ave Maria / La Capella Reial de Catalunyia</marc:subfield><marc:subfield code="a">Gaude, Maria Virgo / Montserrat Figueras, S ; Elisabeta Tiso, S.</marc:subfield><marc:subfield code="a">Trahe me post te (a6) / Jean-Luis Comoretto, A ; Paolo Costa, A ; Lambert Climent, T ; Pedro Ormazabal, T.</marc:subfield><marc:subfield code="a">Salve, Regina ; Ave Regina caelorum ; Sancta Mariasuccure miseris / La Capella Reial de Catalunya.</marc:subfield><marc:subfield code="a">Ave Regina caelorum (a5) / La Capella Reial de Cat</marc:subfield><marc:subfield code="a">Ne timeas, Maria (a4) / Montserrat Figueras</marc:subfield><marc:subfield code="a">Senex, Puerum portabat / Instrumental.</marc:subfield><marc:subfield code="a">O magnum mysterium (a4) ; Vidi speciosam sicut columbam (a6) ; Magnificat Primi toni (a8) / La Capella Reial de Catalunya.</marc:subfield></marc:datafield><marc:datafield tag="339" ind1=" " ind2=" "><marc:subfield code="a">m</marc:subfield></marc:datafield><marc:datafield tag="606" ind1=" " ind2=" "><marc:subfield code="a">Marie, Sainte Vierge</marc:subfield><marc:subfield code="x">Chants et musique</marc:subfield><marc:subfield code="2">rameau</marc:subfield></marc:datafield><marc:datafield tag="606" ind1=" " ind2=" "><marc:subfield code="a">Magnificat</marc:subfield><marc:subfield code="x">Disques</marc:subfield><marc:subfield code="2">rameau</marc:subfield></marc:datafield><marc:datafield tag="606" ind1=" " ind2=" "><marc:subfield code="3">12151626</marc:subfield><marc:subfield code="9">369</marc:subfield><marc:subfield code="a">Motets</marc:subfield><marc:subfield code="x">Disques</marc:subfield><marc:subfield code="2">rameau</marc:subfield></marc:datafield><marc:datafield tag="606" ind1=" " ind2=" "><marc:subfield code="a">Musique vocale sacrée</marc:subfield><marc:subfield code="3">16237559</marc:subfield><marc:subfield code="9">368</marc:subfield><marc:subfield code="x">Disques</marc:subfield><marc:subfield code="y">Espagne</marc:subfield><marc:subfield code="z">16e siècle</marc:subfield><marc:subfield code="2">rameau</marc:subfield></marc:datafield><marc:datafield tag="679" ind1=" " ind2=" "><marc:subfield code="a">3</marc:subfield><marc:subfield code="c">41</marc:subfield></marc:datafield><marc:datafield tag="700" ind1="0" ind2=" "><marc:subfield code="9">371</marc:subfield><marc:subfield code="3">13984749</marc:subfield><marc:subfield code="a">Victoria</marc:subfield><marc:subfield code="b">Tomás Luis de</marc:subfield><marc:subfield code="f">1548-1611</marc:subfield></marc:datafield><marc:datafield tag="702" ind1="0" ind2=" "><marc:subfield code="9">278988</marc:subfield><marc:subfield code="a">Figueras</marc:subfield><marc:subfield code="b">Montserrat</marc:subfield><marc:subfield code="f">1942-2011</marc:subfield></marc:datafield><marc:datafield tag="702" ind1="0" ind2=" "><marc:subfield code="9">6440</marc:subfield><marc:subfield code="3">13899442</marc:subfield><marc:subfield code="a">Savall</marc:subfield><marc:subfield code="b">Jordi</marc:subfield><marc:subfield code="f">1941-....</marc:subfield></marc:datafield><marc:datafield tag="712" ind1="0" ind2=" "><marc:subfield code="9">370</marc:subfield><marc:subfield code="3">13902276</marc:subfield><marc:subfield code="a">La Capella reial de Catalunya</marc:subfield><marc:subfield code="c">Barcelone</marc:subfield></marc:datafield><marc:datafield tag="712" ind1="0" ind2=" "><marc:subfield code="9">18494</marc:subfield><marc:subfield code="3">13903959</marc:subfield><marc:subfield code="a">Hespèrion XX</marc:subfield></marc:datafield><marc:datafield tag="801" ind1=" " ind2=" "><marc:subfield code="a">FR</marc:subfield><marc:subfield code="b">595126101</marc:subfield><marc:subfield code="c">20160703</marc:subfield><marc:subfield code="g">AFNOR</marc:subfield></marc:datafield><marc:datafield tag="995" ind1=" " ind2=" "><marc:subfield code="0">0</marc:subfield><marc:subfield code="2">0</marc:subfield><marc:subfield code="3">0</marc:subfield><marc:subfield code="4">0</marc:subfield><marc:subfield code="5">2005-03-22</marc:subfield><marc:subfield code="9">314</marc:subfield><marc:subfield code="P">24.24</marc:subfield><marc:subfield code="b">MED</marc:subfield><marc:subfield code="c">MED</marc:subfield><marc:subfield code="e">MED1A</marc:subfield><marc:subfield code="f">C0000406921</marc:subfield><marc:subfield code="h">AMV30ZZ</marc:subfield><marc:subfield code="k">DC/3 VIC 41</marc:subfield><marc:subfield code="o">0</marc:subfield><marc:subfield code="p">24.24</marc:subfield><marc:subfield code="r">PRETSON</marc:subfield><marc:subfield code="s">DC_3_VIC_410000000000000</marc:subfield><marc:subfield code="w">24</marc:subfield><marc:subfield code="y">2018-06-30</marc:subfield><marc:subfield code="A">0</marc:subfield></marc:datafield></marc:record>