<marc:record><marc:leader>01545nj  a2200349   4500</marc:leader><marc:controlfield tag="001">226</marc:controlfield><marc:controlfield tag="003">http://www.mediathequederoubaix.fr/ark:/20179/KH226</marc:controlfield><marc:controlfield tag="005">20180701143304.0</marc:controlfield><marc:datafield tag="035" ind1="0" ind2="0"><marc:subfield code="a">HZ_RBX520</marc:subfield></marc:datafield><marc:datafield tag="071" ind1="0" ind2="0"><marc:subfield code="b">Blanco y Negro</marc:subfield><marc:subfield code="a">4509-91627-2</marc:subfield></marc:datafield><marc:datafield tag="090" ind1=" " ind2=" "><marc:subfield code="a">226</marc:subfield></marc:datafield><marc:datafield tag="091" ind1=" " ind2=" "><marc:subfield code="a">1</marc:subfield><marc:subfield code="b">20180701</marc:subfield><marc:subfield code="c">0</marc:subfield></marc:datafield><marc:datafield tag="099" ind1=" " ind2=" "><marc:subfield code="t">DC</marc:subfield><marc:subfield code="c">2014-06-30</marc:subfield><marc:subfield code="d">2014-06-30</marc:subfield><marc:subfield code="x">5</marc:subfield></marc:datafield><marc:datafield tag="100" ind1=" " ind2=" "><marc:subfield code="a">19       1993    k  y0frey5003    ba</marc:subfield></marc:datafield><marc:datafield tag="101" ind1=" " ind2=" "><marc:subfield code="a">fre</marc:subfield></marc:datafield><marc:datafield tag="200" ind1=" " ind2=" "><marc:subfield code="a">Where you been</marc:subfield><marc:subfield code="b">enr. sonore</marc:subfield><marc:subfield code="f">Dinosaur Jr</marc:subfield></marc:datafield><marc:datafield tag="210" ind1=" " ind2=" "><marc:subfield code="c">WEA Music</marc:subfield><marc:subfield code="a">[London]</marc:subfield><marc:subfield code="d">P 1993</marc:subfield></marc:datafield><marc:datafield tag="215" ind1=" " ind2=" "><marc:subfield code="a">1 d.c.</marc:subfield><marc:subfield code="e">1 dépliant</marc:subfield></marc:datafield><marc:datafield tag="322" ind1=" " ind2=" "><marc:subfield code="a">J. Mascis, prod.</marc:subfield></marc:datafield><marc:datafield tag="323" ind1=" " ind2=" "><marc:subfield code="a">Murph, drms ; Mike Johnson, guit. , chœurs . Interprété aussi par : J., chant, cordes ; Kurt Fedora, guit. ; Tiffany Anders, chant ; George Berz, tambourin ; Rob Turner, Dave Mason, Larry Packer, Abbie Newton, cordes.</marc:subfield></marc:datafield><marc:datafield tag="327" ind1=" " ind2=" "><marc:subfield code="a">Out there</marc:subfield><marc:subfield code="a">Start choppin</marc:subfield><marc:subfield code="a">What else is new</marc:subfield><marc:subfield code="a">On the way</marc:subfield><marc:subfield code="a">Not the same</marc:subfield><marc:subfield code="a">Get me</marc:subfield><marc:subfield code="a">Drawerings</marc:subfield><marc:subfield code="a">Hide</marc:subfield><marc:subfield code="a">Goin home</marc:subfield><marc:subfield code="a">I ain&apos;t sayin</marc:subfield></marc:datafield><marc:datafield tag="339" ind1=" " ind2=" "><marc:subfield code="a">m</marc:subfield></marc:datafield><marc:datafield tag="606" ind1=" " ind2=" "><marc:subfield code="a">Rock (musique)</marc:subfield><marc:subfield code="y">Etats-Unis</marc:subfield><marc:subfield code="x">Disques</marc:subfield><marc:subfield code="2">rameau</marc:subfield></marc:datafield><marc:datafield tag="606" ind1=" " ind2=" "><marc:subfield code="7">ba0yba0y</marc:subfield><marc:subfield code="8">fre   </marc:subfield><marc:subfield code="3">12293449</marc:subfield><marc:subfield code="9">165</marc:subfield><marc:subfield code="a">Guitare, Musique de (rock)</marc:subfield><marc:subfield code="x">Disques</marc:subfield><marc:subfield code="2">rameau</marc:subfield></marc:datafield><marc:datafield tag="679" ind1=" " ind2=" "><marc:subfield code="a">2</marc:subfield></marc:datafield><marc:datafield tag="701" ind1="0" ind2=" "><marc:subfield code="9">146823</marc:subfield><marc:subfield code="a">Johnson</marc:subfield><marc:subfield code="b">Mike</marc:subfield></marc:datafield><marc:datafield tag="702" ind1="0" ind2=" "><marc:subfield code="9">146824</marc:subfield><marc:subfield code="a">Fedora</marc:subfield><marc:subfield code="b">Kurt</marc:subfield></marc:datafield><marc:datafield tag="702" ind1="0" ind2=" "><marc:subfield code="9">146825</marc:subfield><marc:subfield code="a">Anders</marc:subfield><marc:subfield code="b">Tiffany</marc:subfield></marc:datafield><marc:datafield tag="702" ind1="0" ind2=" "><marc:subfield code="9">146826</marc:subfield><marc:subfield code="a">Berz</marc:subfield><marc:subfield code="b">George</marc:subfield></marc:datafield><marc:datafield tag="710" ind1="0" ind2=" "><marc:subfield code="9">375</marc:subfield><marc:subfield code="7">ba0yba0y</marc:subfield><marc:subfield code="8">fre   </marc:subfield><marc:subfield code="3">13925822</marc:subfield><marc:subfield code="7">ba0yba0y</marc:subfield><marc:subfield code="8">fre   </marc:subfield><marc:subfield code="a">Dinosaur Jr</marc:subfield></marc:datafield><marc:datafield tag="801" ind1=" " ind2="0"><marc:subfield code="a">FR</marc:subfield><marc:subfield code="b">595126101</marc:subfield><marc:subfield code="c">20070828</marc:subfield><marc:subfield code="g">AFNOR</marc:subfield></marc:datafield><marc:datafield tag="995" ind1=" " ind2=" "><marc:subfield code="0">0</marc:subfield><marc:subfield code="2">0</marc:subfield><marc:subfield code="4">0</marc:subfield><marc:subfield code="5">2005-03-22</marc:subfield><marc:subfield code="9">315</marc:subfield><marc:subfield code="P">23.32</marc:subfield><marc:subfield code="b">MED</marc:subfield><marc:subfield code="c">MED</marc:subfield><marc:subfield code="e">MED1A</marc:subfield><marc:subfield code="f">C0000406997</marc:subfield><marc:subfield code="h">AMV20ZZ</marc:subfield><marc:subfield code="k">DC/2 DIN</marc:subfield><marc:subfield code="o">0</marc:subfield><marc:subfield code="p">23.32</marc:subfield><marc:subfield code="r">PRETSON</marc:subfield><marc:subfield code="s">DC_2_000000000000000_DIN</marc:subfield><marc:subfield code="w">35</marc:subfield><marc:subfield code="y">2017-06-07</marc:subfield></marc:datafield></marc:record>