<marc:record><marc:leader>01405nj  a2200301   4500</marc:leader><marc:controlfield tag="001">227</marc:controlfield><marc:controlfield tag="005">20180724212002.0</marc:controlfield><marc:datafield tag="035" ind1="0" ind2="0"><marc:subfield code="a">HZ_RBX521</marc:subfield></marc:datafield><marc:datafield tag="071" ind1="0" ind2="0"><marc:subfield code="b">Zappa Records</marc:subfield><marc:subfield code="a">CDZAP 15</marc:subfield></marc:datafield><marc:datafield tag="090" ind1=" " ind2=" "><marc:subfield code="a">227</marc:subfield></marc:datafield><marc:datafield tag="091" ind1=" " ind2=" "><marc:subfield code="a">1</marc:subfield><marc:subfield code="b">20180701</marc:subfield><marc:subfield code="c">0</marc:subfield></marc:datafield><marc:datafield tag="099" ind1=" " ind2=" "><marc:subfield code="t">DC</marc:subfield><marc:subfield code="c">2014-06-30</marc:subfield><marc:subfield code="d">2014-06-30</marc:subfield><marc:subfield code="x">9</marc:subfield></marc:datafield><marc:datafield tag="100" ind1=" " ind2=" "><marc:subfield code="a">19       1975    k  y0frey5003    ba</marc:subfield></marc:datafield><marc:datafield tag="101" ind1=" " ind2=" "><marc:subfield code="a">fre</marc:subfield></marc:datafield><marc:datafield tag="200" ind1=" " ind2=" "><marc:subfield code="a">Bongo fury</marc:subfield><marc:subfield code="b">enr. sonore</marc:subfield><marc:subfield code="f">Frank Zappa</marc:subfield><marc:subfield code="g">Captain Beefheart, hrp, chant</marc:subfield><marc:subfield code="g">The Mothers</marc:subfield></marc:datafield><marc:datafield tag="210" ind1=" " ind2=" "><marc:subfield code="a">London</marc:subfield><marc:subfield code="c">Zappa Records</marc:subfield><marc:subfield code="c">Vogue [distrib.]</marc:subfield><marc:subfield code="d">P 1975</marc:subfield></marc:datafield><marc:datafield tag="215" ind1=" " ind2=" "><marc:subfield code="a">1 d.c.</marc:subfield></marc:datafield><marc:datafield tag="305" ind1=" " ind2=" "><marc:subfield code="a">enr. en public Armadillo world headquarters, Aus- tin, Texas, USA, 20 &amp; 21/5/1975 &amp; en studio.</marc:subfield></marc:datafield><marc:datafield tag="323" ind1=" " ind2=" "><marc:subfield code="a">George Duke, claviers, voc. ; Napoleon Murphy Brock, s, chant ; Bruce Fowler, trb ; Tom Fowler, guit. b ; Denny Walley, guit. ; Terry Bozzio, Chester Thompson, drms.</marc:subfield></marc:datafield><marc:datafield tag="327" ind1=" " ind2=" "><marc:subfield code="a">Debra kadabra</marc:subfield><marc:subfield code="a">Carolina hard-core ecstasy Sam with the showing scalp flat top</marc:subfield><marc:subfield code="a">Poofter&apos;s froth Wyoming plans ahaed</marc:subfield><marc:subfield code="a">200 years old</marc:subfield><marc:subfield code="a">Cucamonga</marc:subfield><marc:subfield code="a">Advance romance</marc:subfield><marc:subfield code="a">Man with the woman head</marc:subfield><marc:subfield code="a">Muffinman</marc:subfield></marc:datafield><marc:datafield tag="339" ind1=" " ind2=" "><marc:subfield code="a">m</marc:subfield></marc:datafield><marc:datafield tag="679" ind1=" " ind2=" "><marc:subfield code="a">2</marc:subfield><marc:subfield code="c">40</marc:subfield></marc:datafield><marc:datafield tag="702" ind1="0" ind2=" "><marc:subfield code="9">146881</marc:subfield><marc:subfield code="a">Brock</marc:subfield><marc:subfield code="b">Napoleon Murphy</marc:subfield></marc:datafield><marc:datafield tag="702" ind1="0" ind2=" "><marc:subfield code="9">146882</marc:subfield><marc:subfield code="a">Walley</marc:subfield><marc:subfield code="b">Denny</marc:subfield></marc:datafield><marc:datafield tag="702" ind1="0" ind2=" "><marc:subfield code="9">146883</marc:subfield><marc:subfield code="a">Thompson</marc:subfield><marc:subfield code="b">Chester</marc:subfield></marc:datafield><marc:datafield tag="712" ind1="0" ind2=" "><marc:subfield code="9">122823</marc:subfield><marc:subfield code="a">The mothers</marc:subfield></marc:datafield><marc:datafield tag="801" ind1=" " ind2=" "><marc:subfield code="a">FR</marc:subfield><marc:subfield code="b">595126101</marc:subfield><marc:subfield code="c">20160131</marc:subfield><marc:subfield code="g">AFNOR</marc:subfield></marc:datafield><marc:datafield tag="995" ind1=" " ind2=" "><marc:subfield code="0">0</marc:subfield><marc:subfield code="2">0</marc:subfield><marc:subfield code="4">0</marc:subfield><marc:subfield code="5">2005-03-22</marc:subfield><marc:subfield code="9">316</marc:subfield><marc:subfield code="P">21.80</marc:subfield><marc:subfield code="b">MED</marc:subfield><marc:subfield code="c">MED</marc:subfield><marc:subfield code="e">MED1A</marc:subfield><marc:subfield code="f">C0000407147</marc:subfield><marc:subfield code="h">AMV20ZZ</marc:subfield><marc:subfield code="k">DC/2 ZAP 40</marc:subfield><marc:subfield code="o">0</marc:subfield><marc:subfield code="p">21.80</marc:subfield><marc:subfield code="r">PRETSON</marc:subfield><marc:subfield code="s">DC_2_ZAP_400000000000000</marc:subfield><marc:subfield code="w">68</marc:subfield><marc:subfield code="y">2018-08-04</marc:subfield></marc:datafield></marc:record>