<marc:record><marc:leader>01336nj  a2200325   4500</marc:leader><marc:controlfield tag="001">229</marc:controlfield><marc:controlfield tag="005">20180701143304.0</marc:controlfield><marc:datafield tag="035" ind1="0" ind2="0"><marc:subfield code="a">HZ_RBX523</marc:subfield></marc:datafield><marc:datafield tag="071" ind1="0" ind2="0"><marc:subfield code="b">East-West</marc:subfield><marc:subfield code="a">4509-90995-2</marc:subfield></marc:datafield><marc:datafield tag="090" ind1=" " ind2=" "><marc:subfield code="a">229</marc:subfield></marc:datafield><marc:datafield tag="091" ind1=" " ind2=" "><marc:subfield code="a">1</marc:subfield><marc:subfield code="b">20180701</marc:subfield><marc:subfield code="c">0</marc:subfield></marc:datafield><marc:datafield tag="099" ind1=" " ind2=" "><marc:subfield code="t">DC</marc:subfield><marc:subfield code="c">2014-06-30</marc:subfield><marc:subfield code="d">2014-06-30</marc:subfield><marc:subfield code="x">2</marc:subfield></marc:datafield><marc:datafield tag="100" ind1=" " ind2=" "><marc:subfield code="a">19               k  y0frey5003    ba</marc:subfield></marc:datafield><marc:datafield tag="101" ind1=" " ind2=" "><marc:subfield code="a">fre</marc:subfield></marc:datafield><marc:datafield tag="200" ind1=" " ind2=" "><marc:subfield code="a">God&apos;s great banana skin</marc:subfield><marc:subfield code="b">enr. sonore</marc:subfield><marc:subfield code="f">Chris Rea</marc:subfield></marc:datafield><marc:datafield tag="210" ind1=" " ind2=" "><marc:subfield code="a">[Le-Blanc-Mesnil]</marc:subfield><marc:subfield code="c">Carrère</marc:subfield><marc:subfield code="c">WEA</marc:subfield></marc:datafield><marc:datafield tag="215" ind1=" " ind2=" "><marc:subfield code="a">1 d.c.</marc:subfield><marc:subfield code="e">1 brochure</marc:subfield></marc:datafield><marc:datafield tag="323" ind1=" " ind2="0"><marc:subfield code="a">Robert Ahwai ; Martin Ditcham ; Sylvin Marc ; Max Middleton ; Valerie Chalmers, Emma Whittle, chœurs.</marc:subfield></marc:datafield><marc:datafield tag="327" ind1=" " ind2=" "><marc:subfield code="a">Nothing to fear</marc:subfield><marc:subfield code="a">Miles is a cigarette</marc:subfield><marc:subfield code="a">God&apos;s great banana skin</marc:subfield><marc:subfield code="a">90&apos;s blues</marc:subfield><marc:subfield code="a">Too much pride</marc:subfield><marc:subfield code="a">Boom boom</marc:subfield><marc:subfield code="a">I ain&apos;t the fool</marc:subfield><marc:subfield code="a">There she gœs</marc:subfield><marc:subfield code="a">I&apos;m ready</marc:subfield><marc:subfield code="a">Black dog</marc:subfield><marc:subfield code="a">Soft top, hard shoulder</marc:subfield></marc:datafield><marc:datafield tag="339" ind1=" " ind2=" "><marc:subfield code="a">m</marc:subfield></marc:datafield><marc:datafield tag="606" ind1=" " ind2=" "><marc:subfield code="a">Rock (musique)</marc:subfield><marc:subfield code="y">Grande-Bretagne</marc:subfield><marc:subfield code="y">Angleterre (GB)</marc:subfield><marc:subfield code="x">Disques</marc:subfield><marc:subfield code="2">rameau</marc:subfield></marc:datafield><marc:datafield tag="679" ind1=" " ind2=" "><marc:subfield code="a">2</marc:subfield></marc:datafield><marc:datafield tag="700" ind1=" " ind2=" "><marc:subfield code="9">18161</marc:subfield><marc:subfield code="a">Rea</marc:subfield><marc:subfield code="b">Chris</marc:subfield><marc:subfield code="f">1951-....</marc:subfield></marc:datafield><marc:datafield tag="702" ind1="0" ind2=" "><marc:subfield code="9">146964</marc:subfield><marc:subfield code="a">Ahwai</marc:subfield><marc:subfield code="b">Robert</marc:subfield></marc:datafield><marc:datafield tag="702" ind1="0" ind2=" "><marc:subfield code="9">146965</marc:subfield><marc:subfield code="a">Ditcham</marc:subfield><marc:subfield code="b">Martin</marc:subfield></marc:datafield><marc:datafield tag="702" ind1="0" ind2=" "><marc:subfield code="9">146966</marc:subfield><marc:subfield code="a">Chalmers</marc:subfield><marc:subfield code="b">Valerie</marc:subfield></marc:datafield><marc:datafield tag="702" ind1="0" ind2=" "><marc:subfield code="9">146943</marc:subfield><marc:subfield code="a">Whittle</marc:subfield><marc:subfield code="b">Emma</marc:subfield></marc:datafield><marc:datafield tag="702" ind1=" " ind2=" "><marc:subfield code="9">146904</marc:subfield><marc:subfield code="a">Marc</marc:subfield><marc:subfield code="b">Sylvin</marc:subfield></marc:datafield><marc:datafield tag="801" ind1=" " ind2=" "><marc:subfield code="a">Ma</marc:subfield><marc:subfield code="b">595126101</marc:subfield><marc:subfield code="c">20160131</marc:subfield><marc:subfield code="g">AFNOR</marc:subfield></marc:datafield><marc:datafield tag="995" ind1=" " ind2=" "><marc:subfield code="0">0</marc:subfield><marc:subfield code="2">0</marc:subfield><marc:subfield code="4">0</marc:subfield><marc:subfield code="5">2005-03-22</marc:subfield><marc:subfield code="9">318</marc:subfield><marc:subfield code="P">24.54</marc:subfield><marc:subfield code="b">MED</marc:subfield><marc:subfield code="c">MED</marc:subfield><marc:subfield code="e">MED1A</marc:subfield><marc:subfield code="f">C0000406086</marc:subfield><marc:subfield code="h">AMV20ZZ</marc:subfield><marc:subfield code="k">DC/2 REA</marc:subfield><marc:subfield code="o">0</marc:subfield><marc:subfield code="p">24.54</marc:subfield><marc:subfield code="r">PRETSON</marc:subfield><marc:subfield code="s">DC_2_000000000000000_REA</marc:subfield><marc:subfield code="w">43</marc:subfield><marc:subfield code="y">2017-05-11</marc:subfield></marc:datafield></marc:record>