<marc:record><marc:leader>02059nj  a2200397   4500</marc:leader><marc:controlfield tag="001">231</marc:controlfield><marc:controlfield tag="005">20180701143304.0</marc:controlfield><marc:datafield tag="035" ind1="0" ind2="0"><marc:subfield code="a">HZ_RBX526</marc:subfield></marc:datafield><marc:datafield tag="071" ind1="0" ind2="0"><marc:subfield code="b">Elektra</marc:subfield><marc:subfield code="a">7559-61385-2</marc:subfield></marc:datafield><marc:datafield tag="090" ind1=" " ind2=" "><marc:subfield code="a">231</marc:subfield></marc:datafield><marc:datafield tag="091" ind1=" " ind2=" "><marc:subfield code="a">1</marc:subfield><marc:subfield code="b">20180701</marc:subfield><marc:subfield code="c">0</marc:subfield></marc:datafield><marc:datafield tag="099" ind1=" " ind2=" "><marc:subfield code="t">DC</marc:subfield><marc:subfield code="c">2014-06-30</marc:subfield><marc:subfield code="d">2014-06-30</marc:subfield><marc:subfield code="x">0</marc:subfield></marc:datafield><marc:datafield tag="100" ind1=" " ind2=" "><marc:subfield code="a">19       1992    k  y0frey5003    ba</marc:subfield></marc:datafield><marc:datafield tag="101" ind1=" " ind2=" "><marc:subfield code="a">fre</marc:subfield></marc:datafield><marc:datafield tag="200" ind1=" " ind2=" "><marc:subfield code="a">Our time in eden</marc:subfield><marc:subfield code="b">enr. sonore</marc:subfield><marc:subfield code="f">10,000 Maniacs</marc:subfield></marc:datafield><marc:datafield tag="210" ind1=" " ind2=" "><marc:subfield code="c">WEA International</marc:subfield><marc:subfield code="a">[Le-Blanc-Mesnil]</marc:subfield><marc:subfield code="d">P 1992</marc:subfield></marc:datafield><marc:datafield tag="215" ind1=" " ind2=" "><marc:subfield code="a">1 d.c.</marc:subfield><marc:subfield code="e">1 dépliant</marc:subfield></marc:datafield><marc:datafield tag="322" ind1=" " ind2=" "><marc:subfield code="a">Paul Fox, prod.</marc:subfield></marc:datafield><marc:datafield tag="323" ind1=" " ind2=" "><marc:subfield code="a">10,000 Maniacs est composé de : Natalie Merchant, chant, p ; Rob Buck, guit., cordes ; Dennis Drew, claviers, acdrn ; Steve Gustafson, guit. b ; Jerome Augustyniak, perc. Interprété aussi par : The JB Horns est composé de : Maceo Parker, saxo alto, Alfred &quot;Pee Wee&quot; Ellis, saxo tenor, Fred Wesley, trb. Paulhino Da Costa, perc. ; Kim Laskowski, Atsuko Sato, basson ; Larry Corbett, vlc ; Bruce Dukov, vl ; Pamela Goldsmith, vl alto ; Ralph Morrison, vl.</marc:subfield></marc:datafield><marc:datafield tag="327" ind1=" " ind2=" "><marc:subfield code="a">Noah&apos;s dove ; These are days ; Eden ; Few and far between / The JB Horns ; Stockton gala days / Mary Ramsey, vl ; Gold rush brides / Charles Fleischer, hrmca ; Jezebel ; How you&apos;ve grown / Mary Ramsey, vl alto ; Candy everybody wants / The JB Horns ; Tolerance ; Circle dream ; If you intend ; I&apos;m not the man.</marc:subfield></marc:datafield><marc:datafield tag="339" ind1=" " ind2=" "><marc:subfield code="a">m</marc:subfield></marc:datafield><marc:datafield tag="606" ind1=" " ind2=" "><marc:subfield code="a">Rock (musique)</marc:subfield><marc:subfield code="y">Etats-Unis</marc:subfield><marc:subfield code="x">Disques</marc:subfield><marc:subfield code="2">rameau</marc:subfield></marc:datafield><marc:datafield tag="679" ind1=" " ind2=" "><marc:subfield code="a">2</marc:subfield></marc:datafield><marc:datafield tag="701" ind1="0" ind2=" "><marc:subfield code="9">146986</marc:subfield><marc:subfield code="a">Fox</marc:subfield><marc:subfield code="b">Paul</marc:subfield></marc:datafield><marc:datafield tag="701" ind1="0" ind2=" "><marc:subfield code="9">146987</marc:subfield><marc:subfield code="a">Buck</marc:subfield><marc:subfield code="b">Rob</marc:subfield></marc:datafield><marc:datafield tag="701" ind1="0" ind2=" "><marc:subfield code="9">146988</marc:subfield><marc:subfield code="a">Drew</marc:subfield><marc:subfield code="b">Dennis</marc:subfield></marc:datafield><marc:datafield tag="701" ind1="0" ind2=" "><marc:subfield code="9">146989</marc:subfield><marc:subfield code="a">Gustafson</marc:subfield><marc:subfield code="b">Steve</marc:subfield></marc:datafield><marc:datafield tag="701" ind1="0" ind2=" "><marc:subfield code="9">146990</marc:subfield><marc:subfield code="a">Augustyniak</marc:subfield><marc:subfield code="b">Jérome</marc:subfield></marc:datafield><marc:datafield tag="702" ind1="0" ind2=" "><marc:subfield code="9">146991</marc:subfield><marc:subfield code="a">Ellis</marc:subfield><marc:subfield code="b">Alfred</marc:subfield></marc:datafield><marc:datafield tag="702" ind1="0" ind2=" "><marc:subfield code="9">146992</marc:subfield><marc:subfield code="a">Fleischer</marc:subfield><marc:subfield code="b">Charles</marc:subfield></marc:datafield><marc:datafield tag="702" ind1="0" ind2=" "><marc:subfield code="9">387</marc:subfield><marc:subfield code="3">13945899</marc:subfield><marc:subfield code="a">Parker</marc:subfield><marc:subfield code="b">Maceo</marc:subfield><marc:subfield code="f">1943-....</marc:subfield></marc:datafield><marc:datafield tag="702" ind1="0" ind2=" "><marc:subfield code="9">15150</marc:subfield><marc:subfield code="3">13945123</marc:subfield><marc:subfield code="a">Wesley</marc:subfield><marc:subfield code="b">Fred</marc:subfield><marc:subfield code="f">1944-....</marc:subfield></marc:datafield><marc:datafield tag="710" ind1="0" ind2=" "><marc:subfield code="9">122825</marc:subfield><marc:subfield code="a">10.000 Maniacs</marc:subfield></marc:datafield><marc:datafield tag="712" ind1="0" ind2=" "><marc:subfield code="9">122826</marc:subfield><marc:subfield code="a">The JB Horns</marc:subfield></marc:datafield><marc:datafield tag="801" ind1=" " ind2=" "><marc:subfield code="a">FR</marc:subfield><marc:subfield code="b">595126101</marc:subfield><marc:subfield code="c">20160131</marc:subfield><marc:subfield code="g">AFNOR</marc:subfield></marc:datafield><marc:datafield tag="995" ind1=" " ind2=" "><marc:subfield code="0">0</marc:subfield><marc:subfield code="2">0</marc:subfield><marc:subfield code="4">0</marc:subfield><marc:subfield code="5">2005-03-22</marc:subfield><marc:subfield code="9">320</marc:subfield><marc:subfield code="P">23.32</marc:subfield><marc:subfield code="b">MED</marc:subfield><marc:subfield code="c">MED</marc:subfield><marc:subfield code="e">MED3C</marc:subfield><marc:subfield code="f">C0000406832</marc:subfield><marc:subfield code="h">AMV20ZZ</marc:subfield><marc:subfield code="k">DC/2 TEN</marc:subfield><marc:subfield code="o">0</marc:subfield><marc:subfield code="p">23.32</marc:subfield><marc:subfield code="r">PRETSON</marc:subfield><marc:subfield code="s">DC_2_000000000000000_TEN</marc:subfield><marc:subfield code="w">21</marc:subfield><marc:subfield code="y">2008-07-30</marc:subfield></marc:datafield></marc:record>