<marc:record><marc:leader>01365nj  a2200301   4500</marc:leader><marc:controlfield tag="001">232</marc:controlfield><marc:controlfield tag="003">http://www.mediathequederoubaix.fr/ark:/20179/KH232</marc:controlfield><marc:controlfield tag="005">20180701143305.0</marc:controlfield><marc:datafield tag="035" ind1="0" ind2="0"><marc:subfield code="a">HZ_RBX527</marc:subfield></marc:datafield><marc:datafield tag="071" ind1="0" ind2="0"><marc:subfield code="b">New Rose</marc:subfield><marc:subfield code="a">422422</marc:subfield></marc:datafield><marc:datafield tag="090" ind1=" " ind2=" "><marc:subfield code="a">232</marc:subfield></marc:datafield><marc:datafield tag="091" ind1=" " ind2=" "><marc:subfield code="a">1</marc:subfield><marc:subfield code="b">20180701</marc:subfield><marc:subfield code="c">0</marc:subfield></marc:datafield><marc:datafield tag="099" ind1=" " ind2=" "><marc:subfield code="t">DC</marc:subfield><marc:subfield code="c">2014-06-30</marc:subfield><marc:subfield code="d">2014-06-30</marc:subfield><marc:subfield code="x">2</marc:subfield></marc:datafield><marc:datafield tag="100" ind1=" " ind2=" "><marc:subfield code="a">19       1992    k  y0frey5003    ba</marc:subfield></marc:datafield><marc:datafield tag="101" ind1=" " ind2=" "><marc:subfield code="a">fre</marc:subfield></marc:datafield><marc:datafield tag="200" ind1=" " ind2=" "><marc:subfield code="a">Soldier</marc:subfield><marc:subfield code="b">enr. sonore</marc:subfield><marc:subfield code="f">Calvin Russell, chant, acoust. guit.</marc:subfield></marc:datafield><marc:datafield tag="210" ind1=" " ind2=" "><marc:subfield code="c">New Rose</marc:subfield><marc:subfield code="c">Wotre Music Distribution [distrib.]</marc:subfield><marc:subfield code="a">Le Kremlin-Bicêtre</marc:subfield><marc:subfield code="d">P 1992</marc:subfield></marc:datafield><marc:datafield tag="215" ind1=" " ind2=" "><marc:subfield code="a">1 d.c.</marc:subfield><marc:subfield code="e">1 brochure</marc:subfield></marc:datafield><marc:datafield tag="322" ind1=" " ind2=" "><marc:subfield code="a">Jim Dickinson, prod., org., p</marc:subfield></marc:datafield><marc:datafield tag="323" ind1=" " ind2=" "><marc:subfield code="a">Gary Craft, guit. ; David Waddell, guit. b ; Leland Waddell, perc. ; Luther Dickinson, mandoline.</marc:subfield></marc:datafield><marc:datafield tag="327" ind1=" " ind2=" "><marc:subfield code="a">Soldier</marc:subfield><marc:subfield code="a">Stranger</marc:subfield><marc:subfield code="a">Characters</marc:subfield><marc:subfield code="a">I dreamed I saw</marc:subfield><marc:subfield code="a">Rats &amp; roaches</marc:subfield><marc:subfield code="a">Down in Texas</marc:subfield><marc:subfield code="a">Shackles and chains / Jubal Clark, B</marc:subfield><marc:subfield code="a">This could be the day</marc:subfield><marc:subfield code="a">This is your world : Memphis mix</marc:subfield></marc:datafield><marc:datafield tag="339" ind1=" " ind2=" "><marc:subfield code="a">m</marc:subfield></marc:datafield><marc:datafield tag="606" ind1=" " ind2=" "><marc:subfield code="a">Blues</marc:subfield><marc:subfield code="y">Etats-Unis</marc:subfield><marc:subfield code="x">Disques</marc:subfield><marc:subfield code="2">rameau</marc:subfield></marc:datafield><marc:datafield tag="606" ind1=" " ind2=" "><marc:subfield code="a">Rock (musique)</marc:subfield><marc:subfield code="y">Etats-Unis</marc:subfield><marc:subfield code="x">Disques</marc:subfield><marc:subfield code="2">rameau</marc:subfield></marc:datafield><marc:datafield tag="679" ind1=" " ind2=" "><marc:subfield code="a">2</marc:subfield></marc:datafield><marc:datafield tag="700" ind1="0" ind2=" "><marc:subfield code="9">17356</marc:subfield><marc:subfield code="7">ba0yba0y</marc:subfield><marc:subfield code="8">fre   </marc:subfield><marc:subfield code="3">13935070</marc:subfield><marc:subfield code="7">ba0yba0y</marc:subfield><marc:subfield code="8">fre   </marc:subfield><marc:subfield code="a">Russell</marc:subfield><marc:subfield code="b">Calvin</marc:subfield><marc:subfield code="f">1948-2011</marc:subfield></marc:datafield><marc:datafield tag="801" ind1=" " ind2="0"><marc:subfield code="a">FR</marc:subfield><marc:subfield code="b">595126101</marc:subfield><marc:subfield code="c">20110405</marc:subfield><marc:subfield code="g">AFNOR</marc:subfield></marc:datafield><marc:datafield tag="995" ind1=" " ind2=" "><marc:subfield code="0">0</marc:subfield><marc:subfield code="2">0</marc:subfield><marc:subfield code="4">0</marc:subfield><marc:subfield code="5">2005-03-22</marc:subfield><marc:subfield code="9">321</marc:subfield><marc:subfield code="P">23.32</marc:subfield><marc:subfield code="b">MED</marc:subfield><marc:subfield code="c">MED</marc:subfield><marc:subfield code="e">MED1A</marc:subfield><marc:subfield code="f">C0000406866</marc:subfield><marc:subfield code="h">AMV20ZZ</marc:subfield><marc:subfield code="k">DC/2 RUS 30</marc:subfield><marc:subfield code="o">0</marc:subfield><marc:subfield code="p">23.32</marc:subfield><marc:subfield code="r">PRETSON</marc:subfield><marc:subfield code="s">DC_2_RUS_300000000000000</marc:subfield><marc:subfield code="w">53</marc:subfield><marc:subfield code="y">2018-01-26</marc:subfield></marc:datafield></marc:record>