<marc:record><marc:leader>01225nj  a2200301   4500</marc:leader><marc:controlfield tag="001">233</marc:controlfield><marc:controlfield tag="005">20190108212002.0</marc:controlfield><marc:datafield tag="035" ind1="0" ind2="0"><marc:subfield code="a">HZ_RBX528</marc:subfield></marc:datafield><marc:datafield tag="071" ind1="0" ind2="0"><marc:subfield code="b">Philips</marc:subfield><marc:subfield code="a">432 166-2</marc:subfield></marc:datafield><marc:datafield tag="090" ind1=" " ind2=" "><marc:subfield code="a">233</marc:subfield></marc:datafield><marc:datafield tag="091" ind1=" " ind2=" "><marc:subfield code="a">1</marc:subfield><marc:subfield code="b">20180701</marc:subfield><marc:subfield code="c">0</marc:subfield></marc:datafield><marc:datafield tag="099" ind1=" " ind2=" "><marc:subfield code="t">DC</marc:subfield><marc:subfield code="c">2014-06-30</marc:subfield><marc:subfield code="d">2014-06-30</marc:subfield><marc:subfield code="x">1</marc:subfield></marc:datafield><marc:datafield tag="100" ind1=" " ind2=" "><marc:subfield code="a">19       1991    k  y0frey5003    ba</marc:subfield></marc:datafield><marc:datafield tag="101" ind1=" " ind2=" "><marc:subfield code="a">fre</marc:subfield></marc:datafield><marc:datafield tag="200" ind1=" " ind2=" "><marc:subfield code="a">Romeo and Juliet, Op. 64</marc:subfield><marc:subfield code="b">enr. sonore</marc:subfield><marc:subfield code="d">Romeo und Julia</marc:subfield><marc:subfield code="d">Roméo et Juliette</marc:subfield><marc:subfield code="e">Ballet intégral</marc:subfield><marc:subfield code="f">Serge Prokofiev</marc:subfield><marc:subfield code="g">Kirov Orchestra, St Petersbourg</marc:subfield><marc:subfield code="g">Valery Gerviev, dir.</marc:subfield></marc:datafield><marc:datafield tag="210" ind1=" " ind2=" "><marc:subfield code="c">Phonogram</marc:subfield><marc:subfield code="a">Pays Bas</marc:subfield><marc:subfield code="d">P 1991</marc:subfield></marc:datafield><marc:datafield tag="215" ind1=" " ind2=" "><marc:subfield code="a">1 d.c.</marc:subfield><marc:subfield code="e">1 brochure (36 p. ; 12 cm)</marc:subfield></marc:datafield><marc:datafield tag="225" ind1="0" ind2=" "><marc:subfield code="a">Digital Classics</marc:subfield></marc:datafield><marc:datafield tag="327" ind1=" " ind2=" "><marc:subfield code="a">Disque 1 : Introduction</marc:subfield><marc:subfield code="a">acte I</marc:subfield><marc:subfield code="a">acte II : débutDisque 2 : acte 2 : conclusion</marc:subfield></marc:datafield><marc:datafield tag="339" ind1=" " ind2=" "><marc:subfield code="a">m</marc:subfield></marc:datafield><marc:datafield tag="410" ind1=" " ind2=" "><marc:subfield code="t">Digital Classics</marc:subfield></marc:datafield><marc:datafield tag="510" ind1=" " ind2=" "><marc:subfield code="a">Romeo and Juliet, Op. 64</marc:subfield></marc:datafield><marc:datafield tag="679" ind1=" " ind2=" "><marc:subfield code="a">3</marc:subfield><marc:subfield code="c">28</marc:subfield></marc:datafield><marc:datafield tag="700" ind1="0" ind2=" "><marc:subfield code="9">284984</marc:subfield><marc:subfield code="a">Prokofiev</marc:subfield><marc:subfield code="b">Serge</marc:subfield><marc:subfield code="f">1891-1953</marc:subfield></marc:datafield><marc:datafield tag="702" ind1=" " ind2=" "><marc:subfield code="3">13934029</marc:subfield><marc:subfield code="9">390</marc:subfield><marc:subfield code="a">Gergiev</marc:subfield><marc:subfield code="b">Valerij</marc:subfield><marc:subfield code="f">1953-....</marc:subfield></marc:datafield><marc:datafield tag="712" ind1="0" ind2=" "><marc:subfield code="9">122828</marc:subfield><marc:subfield code="a">Kirov Orchestra</marc:subfield></marc:datafield><marc:datafield tag="801" ind1=" " ind2=" "><marc:subfield code="a">FR</marc:subfield><marc:subfield code="b">595126101</marc:subfield><marc:subfield code="c">20160131</marc:subfield><marc:subfield code="g">AFNOR</marc:subfield></marc:datafield><marc:datafield tag="995" ind1=" " ind2=" "><marc:subfield code="0">0</marc:subfield><marc:subfield code="2">0</marc:subfield><marc:subfield code="4">0</marc:subfield><marc:subfield code="5">2005-03-22</marc:subfield><marc:subfield code="9">322</marc:subfield><marc:subfield code="P">44.82</marc:subfield><marc:subfield code="b">MED</marc:subfield><marc:subfield code="c">MED</marc:subfield><marc:subfield code="e">MED1A</marc:subfield><marc:subfield code="f">C0000406858</marc:subfield><marc:subfield code="h">AMV30ZZ</marc:subfield><marc:subfield code="k">DC/3 PRO/28</marc:subfield><marc:subfield code="l">Contient : 2 CD + 1 brochure</marc:subfield><marc:subfield code="n">2019-02-19</marc:subfield><marc:subfield code="o">0</marc:subfield><marc:subfield code="p">44.82</marc:subfield><marc:subfield code="r">PRETSON</marc:subfield><marc:subfield code="s">DC_3_000000000000000_PRO_28</marc:subfield><marc:subfield code="w">56</marc:subfield><marc:subfield code="y">2019-01-08</marc:subfield></marc:datafield></marc:record>