<marc:record><marc:leader>02089nj  a2200397   4500</marc:leader><marc:controlfield tag="001">234</marc:controlfield><marc:controlfield tag="005">20190201212002.0</marc:controlfield><marc:datafield tag="035" ind1="0" ind2="0"><marc:subfield code="a">HZ_RBX529</marc:subfield></marc:datafield><marc:datafield tag="071" ind1="0" ind2="0"><marc:subfield code="b">Philips</marc:subfield><marc:subfield code="a">426 199-2</marc:subfield></marc:datafield><marc:datafield tag="090" ind1=" " ind2=" "><marc:subfield code="a">234</marc:subfield></marc:datafield><marc:datafield tag="091" ind1=" " ind2=" "><marc:subfield code="a">1</marc:subfield><marc:subfield code="b">20180701</marc:subfield><marc:subfield code="c">0</marc:subfield></marc:datafield><marc:datafield tag="099" ind1=" " ind2=" "><marc:subfield code="t">DC</marc:subfield><marc:subfield code="c">2014-06-30</marc:subfield><marc:subfield code="d">2014-06-30</marc:subfield><marc:subfield code="x">1</marc:subfield></marc:datafield><marc:datafield tag="100" ind1=" " ind2=" "><marc:subfield code="a">19       1989    k  y0frey5003    ba</marc:subfield></marc:datafield><marc:datafield tag="101" ind1=" " ind2=" "><marc:subfield code="a">fre</marc:subfield></marc:datafield><marc:datafield tag="200" ind1=" " ind2=" "><marc:subfield code="a">La Damnation de Faust, op.24</marc:subfield><marc:subfield code="b">Enr. sonore</marc:subfield><marc:subfield code="e">Légende dramatique en quatre parties</marc:subfield><marc:subfield code="f">Hector Berlioz, comp., livret</marc:subfield><marc:subfield code="g">Almire Gandonniere, Gérard de Nerval, livret (d&apos;après Gœthe)</marc:subfield><marc:subfield code="g">Michael Myers, T (Faust)</marc:subfield><marc:subfield code="g">Jean-Philippe Lafont, BAR (Méphistophelès)</marc:subfield><marc:subfield code="g">Anne Sofie Von Otter, MS (Marguerite)</marc:subfield><marc:subfield code="g">René Schirrer, B (Brander)</marc:subfield><marc:subfield code="g">Fiona Wright, S (Voix céleste)</marc:subfield><marc:subfield code="g">Zoltan Toth, alto</marc:subfield><marc:subfield code="g">Patrick Roger, cor anglais</marc:subfield><marc:subfield code="g">Edinburgh Festival Chorus</marc:subfield><marc:subfield code="g">Arthur Oldham, chef des chœurs</marc:subfield><marc:subfield code="g">Orchestre de l&apos;Opéra de Lyon</marc:subfield><marc:subfield code="g">John Eliot Gardiner, dir.</marc:subfield></marc:datafield><marc:datafield tag="210" ind1=" " ind2=" "><marc:subfield code="c">Phonogram</marc:subfield><marc:subfield code="a">Paris</marc:subfield><marc:subfield code="d">P 1989</marc:subfield></marc:datafield><marc:datafield tag="215" ind1=" " ind2=" "><marc:subfield code="a">2 d.c.</marc:subfield><marc:subfield code="e">1 livret (124 p. : ill. ; 12 cm)</marc:subfield></marc:datafield><marc:datafield tag="225" ind1="0" ind2=" "><marc:subfield code="a">Digital Classics</marc:subfield></marc:datafield><marc:datafield tag="305" ind1=" " ind2=" "><marc:subfield code="a">Enr. au Festival Berlioz, Auditorium Maurice Ravel, Lyon les 27 septembre et 2 octobre 1987</marc:subfield></marc:datafield><marc:datafield tag="339" ind1=" " ind2=" "><marc:subfield code="a">m</marc:subfield></marc:datafield><marc:datafield tag="410" ind1=" " ind2=" "><marc:subfield code="t">Digital Classics</marc:subfield></marc:datafield><marc:datafield tag="606" ind1=" " ind2=" "><marc:subfield code="a">Opéras</marc:subfield><marc:subfield code="x">Disques</marc:subfield><marc:subfield code="2">rameau</marc:subfield></marc:datafield><marc:datafield tag="606" ind1=" " ind2=" "><marc:subfield code="a">Musique romantique (19e siècle)</marc:subfield><marc:subfield code="x">Disques</marc:subfield><marc:subfield code="2">rameau</marc:subfield></marc:datafield><marc:datafield tag="606" ind1=" " ind2=" "><marc:subfield code="a">Musique</marc:subfield><marc:subfield code="y">France</marc:subfield><marc:subfield code="z">19e siècle</marc:subfield><marc:subfield code="x">Disques</marc:subfield><marc:subfield code="2">rameau</marc:subfield></marc:datafield><marc:datafield tag="679" ind1=" " ind2=" "><marc:subfield code="a">3</marc:subfield><marc:subfield code="c">35</marc:subfield></marc:datafield><marc:datafield tag="700" ind1="0" ind2=" "><marc:subfield code="9">398</marc:subfield><marc:subfield code="3">13891412</marc:subfield><marc:subfield code="a">Berlioz</marc:subfield><marc:subfield code="b">Hector</marc:subfield><marc:subfield code="f">1803-1869</marc:subfield></marc:datafield><marc:datafield tag="701" ind1="0" ind2=" "><marc:subfield code="9">4938</marc:subfield><marc:subfield code="4">480</marc:subfield><marc:subfield code="a">Nerval</marc:subfield><marc:subfield code="b">Gérard de</marc:subfield><marc:subfield code="f">1808-1855</marc:subfield></marc:datafield><marc:datafield tag="702" ind1="0" ind2=" "><marc:subfield code="9">278989</marc:subfield><marc:subfield code="a">Myers</marc:subfield><marc:subfield code="b">Michael</marc:subfield><marc:subfield code="f">1955-....</marc:subfield></marc:datafield><marc:datafield tag="702" ind1="0" ind2=" "><marc:subfield code="9">278990</marc:subfield><marc:subfield code="a">Lafont</marc:subfield><marc:subfield code="b">Jean-Philippe</marc:subfield><marc:subfield code="f">1951-....</marc:subfield></marc:datafield><marc:datafield tag="702" ind1=" " ind2="1"><marc:subfield code="9">391</marc:subfield><marc:subfield code="3">13929302</marc:subfield><marc:subfield code="a">Schirrer</marc:subfield><marc:subfield code="b">René</marc:subfield><marc:subfield code="f">1958-....</marc:subfield></marc:datafield><marc:datafield tag="702" ind1="0" ind2=" "><marc:subfield code="9">394</marc:subfield><marc:subfield code="3">13894305</marc:subfield><marc:subfield code="4">250</marc:subfield><marc:subfield code="a">Gardiner</marc:subfield><marc:subfield code="b">John Eliot</marc:subfield><marc:subfield code="f">1943-....</marc:subfield></marc:datafield><marc:datafield tag="702" ind1="0" ind2=" "><marc:subfield code="9">6023</marc:subfield><marc:subfield code="3">13546349</marc:subfield><marc:subfield code="a">Otter</marc:subfield><marc:subfield code="b">Anne Sofie von</marc:subfield><marc:subfield code="f">1955-....</marc:subfield></marc:datafield><marc:datafield tag="712" ind1="0" ind2=" "><marc:subfield code="9">122829</marc:subfield><marc:subfield code="a">Orchestre de l&apos;Opéra</marc:subfield><marc:subfield code="c">Lyon</marc:subfield></marc:datafield><marc:datafield tag="712" ind1="0" ind2=" "><marc:subfield code="9">392</marc:subfield><marc:subfield code="3">13903154</marc:subfield><marc:subfield code="a">Edinburgh Festival Chorus</marc:subfield></marc:datafield><marc:datafield tag="801" ind1=" " ind2=" "><marc:subfield code="a">FR</marc:subfield><marc:subfield code="b">595126101</marc:subfield><marc:subfield code="c">20160703</marc:subfield><marc:subfield code="g">AFNOR</marc:subfield></marc:datafield><marc:datafield tag="995" ind1=" " ind2=" "><marc:subfield code="0">0</marc:subfield><marc:subfield code="2">0</marc:subfield><marc:subfield code="3">0</marc:subfield><marc:subfield code="4">0</marc:subfield><marc:subfield code="5">2005-03-22</marc:subfield><marc:subfield code="9">323</marc:subfield><marc:subfield code="P">44.82</marc:subfield><marc:subfield code="b">MED</marc:subfield><marc:subfield code="c">MED</marc:subfield><marc:subfield code="e">MED1A</marc:subfield><marc:subfield code="f">C0000406874</marc:subfield><marc:subfield code="h">AMV30ZZ</marc:subfield><marc:subfield code="k">DC/3 BER OPERA</marc:subfield><marc:subfield code="l">2 DC + 1 livret.</marc:subfield><marc:subfield code="n">2019-02-22</marc:subfield><marc:subfield code="o">0</marc:subfield><marc:subfield code="p">44.82</marc:subfield><marc:subfield code="r">PRETSON</marc:subfield><marc:subfield code="s">DC_3_000000000000000_BER_OPERA</marc:subfield><marc:subfield code="w">41</marc:subfield><marc:subfield code="y">2019-02-01</marc:subfield><marc:subfield code="A">0</marc:subfield></marc:datafield></marc:record>