<marc:record><marc:leader>01817nj  a2200409   4500</marc:leader><marc:controlfield tag="001">236</marc:controlfield><marc:controlfield tag="003">http://www.mediathequederoubaix.fr/ark:/20179/KH236</marc:controlfield><marc:controlfield tag="005">20180701143305.0</marc:controlfield><marc:datafield tag="035" ind1="0" ind2="0"><marc:subfield code="a">HZ_RBX532</marc:subfield></marc:datafield><marc:datafield tag="071" ind1="0" ind2="0"><marc:subfield code="b">Mantra</marc:subfield><marc:subfield code="a">Mantra 013</marc:subfield></marc:datafield><marc:datafield tag="090" ind1=" " ind2=" "><marc:subfield code="a">236</marc:subfield></marc:datafield><marc:datafield tag="091" ind1=" " ind2=" "><marc:subfield code="a">1</marc:subfield><marc:subfield code="b">20180701</marc:subfield><marc:subfield code="c">0</marc:subfield></marc:datafield><marc:datafield tag="099" ind1=" " ind2=" "><marc:subfield code="t">DC</marc:subfield><marc:subfield code="c">2014-06-30</marc:subfield><marc:subfield code="d">2014-06-30</marc:subfield><marc:subfield code="x">9</marc:subfield></marc:datafield><marc:datafield tag="100" ind1=" " ind2=" "><marc:subfield code="a">19       1972    k  y0frey5003    ba</marc:subfield></marc:datafield><marc:datafield tag="101" ind1=" " ind2=" "><marc:subfield code="a">fre</marc:subfield></marc:datafield><marc:datafield tag="200" ind1=" " ind2=" "><marc:subfield code="a">Wolf city</marc:subfield><marc:subfield code="b">enr. sonore</marc:subfield><marc:subfield code="f">Amon Düül II</marc:subfield></marc:datafield><marc:datafield tag="210" ind1=" " ind2=" "><marc:subfield code="a">Charenton</marc:subfield><marc:subfield code="c">Mantra Records</marc:subfield><marc:subfield code="a">[Chaudray]</marc:subfield><marc:subfield code="b">Wotre Music [distrib.]</marc:subfield><marc:subfield code="d">[1972]</marc:subfield></marc:datafield><marc:datafield tag="215" ind1=" " ind2=" "><marc:subfield code="a">1 d.c.</marc:subfield><marc:subfield code="e">1 brochure</marc:subfield></marc:datafield><marc:datafield tag="306" ind1=" " ind2=" "><marc:subfield code="a">[1972] d&apos;après la date d&apos;enregistrement</marc:subfield></marc:datafield><marc:datafield tag="322" ind1=" " ind2=" "><marc:subfield code="a">Olaf Kuhler</marc:subfield></marc:datafield><marc:datafield tag="323" ind1=" " ind2=" "><marc:subfield code="a">Renate Knaup-Krötenschwanz, voc. ; Chris Karrer, guit., vl ; John Wienzerl, guit. ; Lothar Meid ; Falk-U. Rogner, claviers. ; D. Secondus Fichels- scher.</marc:subfield></marc:datafield><marc:datafield tag="327" ind1=" " ind2=" "><marc:subfield code="a">Surrounded by the stars</marc:subfield><marc:subfield code="a">Green bubble raincoated man</marc:subfield><marc:subfield code="a">Jail-house frog</marc:subfield><marc:subfield code="a">Wolf city</marc:subfield><marc:subfield code="a">Wie der wind am ende einer strasse</marc:subfield><marc:subfield code="a">Deutsch Nepal</marc:subfield><marc:subfield code="a">Sleepwal- kers&apos;s timeless bridge</marc:subfield></marc:datafield><marc:datafield tag="339" ind1=" " ind2=" "><marc:subfield code="a">m</marc:subfield></marc:datafield><marc:datafield tag="606" ind1=" " ind2=" "><marc:subfield code="a">Rock (musique)</marc:subfield><marc:subfield code="y">Allemagne</marc:subfield><marc:subfield code="x">Disques</marc:subfield><marc:subfield code="2">rameau</marc:subfield></marc:datafield><marc:datafield tag="606" ind1=" " ind2=" "><marc:subfield code="3">11957141</marc:subfield><marc:subfield code="9">214</marc:subfield><marc:subfield code="7">ba0yba0y</marc:subfield><marc:subfield code="8">fre   </marc:subfield><marc:subfield code="a">Pop music</marc:subfield><marc:subfield code="x">Disques</marc:subfield><marc:subfield code="2">rameau</marc:subfield></marc:datafield><marc:datafield tag="606" ind1=" " ind2=" "><marc:subfield code="7">ba0yba0y</marc:subfield><marc:subfield code="8">fre   </marc:subfield><marc:subfield code="3">12499708</marc:subfield><marc:subfield code="9">400</marc:subfield><marc:subfield code="a">Rock progressif</marc:subfield><marc:subfield code="x">Disques</marc:subfield><marc:subfield code="2">rameau</marc:subfield></marc:datafield><marc:datafield tag="679" ind1=" " ind2=" "><marc:subfield code="a">2</marc:subfield><marc:subfield code="c">41</marc:subfield></marc:datafield><marc:datafield tag="701" ind1="0" ind2=" "><marc:subfield code="9">147068</marc:subfield><marc:subfield code="a">Wienzierl</marc:subfield><marc:subfield code="b">John</marc:subfield></marc:datafield><marc:datafield tag="701" ind1="0" ind2=" "><marc:subfield code="9">147069</marc:subfield><marc:subfield code="a">Meid</marc:subfield><marc:subfield code="b">Lothar</marc:subfield></marc:datafield><marc:datafield tag="701" ind1="0" ind2=" "><marc:subfield code="9">147070</marc:subfield><marc:subfield code="a">Karrer</marc:subfield><marc:subfield code="b">Chris</marc:subfield></marc:datafield><marc:datafield tag="701" ind1="0" ind2=" "><marc:subfield code="9">147071</marc:subfield><marc:subfield code="a">Fichelscher</marc:subfield><marc:subfield code="b">David</marc:subfield></marc:datafield><marc:datafield tag="701" ind1="0" ind2=" "><marc:subfield code="9">147072</marc:subfield><marc:subfield code="a">Rogner</marc:subfield><marc:subfield code="b">Falk U.</marc:subfield></marc:datafield><marc:datafield tag="701" ind1="0" ind2=" "><marc:subfield code="9">147073</marc:subfield><marc:subfield code="a">Knaup-Krötenschwanz</marc:subfield><marc:subfield code="b">Renate</marc:subfield></marc:datafield><marc:datafield tag="701" ind1="0" ind2=" "><marc:subfield code="9">147074</marc:subfield><marc:subfield code="a">Kuhler</marc:subfield><marc:subfield code="b">Olaf</marc:subfield></marc:datafield><marc:datafield tag="710" ind1="0" ind2=" "><marc:subfield code="9">401</marc:subfield><marc:subfield code="7">ba0yba0y</marc:subfield><marc:subfield code="8">fre   </marc:subfield><marc:subfield code="3">13980894</marc:subfield><marc:subfield code="7">ba0yba0y</marc:subfield><marc:subfield code="8">fre   </marc:subfield><marc:subfield code="a">Amon Düül II</marc:subfield></marc:datafield><marc:datafield tag="801" ind1=" " ind2="0"><marc:subfield code="a">FR</marc:subfield><marc:subfield code="b">595126101</marc:subfield><marc:subfield code="c">20070828</marc:subfield><marc:subfield code="g">AFNOR</marc:subfield></marc:datafield><marc:datafield tag="995" ind1=" " ind2=" "><marc:subfield code="0">0</marc:subfield><marc:subfield code="2">0</marc:subfield><marc:subfield code="4">0</marc:subfield><marc:subfield code="5">2005-03-22</marc:subfield><marc:subfield code="9">325</marc:subfield><marc:subfield code="P">22.11</marc:subfield><marc:subfield code="b">MED</marc:subfield><marc:subfield code="c">MED</marc:subfield><marc:subfield code="e">MED1A</marc:subfield><marc:subfield code="f">C0000407155</marc:subfield><marc:subfield code="h">AMV20ZZ</marc:subfield><marc:subfield code="k">DC/2 AMO/41</marc:subfield><marc:subfield code="o">0</marc:subfield><marc:subfield code="p">22.11</marc:subfield><marc:subfield code="r">PRETSON</marc:subfield><marc:subfield code="s">DC_2_000000000000000_AMO41</marc:subfield><marc:subfield code="w">59</marc:subfield><marc:subfield code="y">2018-06-20</marc:subfield></marc:datafield></marc:record>