<marc:record><marc:leader>01843nj  a2200361   4500</marc:leader><marc:controlfield tag="001">239</marc:controlfield><marc:controlfield tag="003">http://www.mediathequederoubaix.fr/ark:/20179/KH239</marc:controlfield><marc:controlfield tag="005">20180720164829.0</marc:controlfield><marc:datafield tag="035" ind1="0" ind2="0"><marc:subfield code="a">HZ_RBX536</marc:subfield></marc:datafield><marc:datafield tag="071" ind1="0" ind2="0"><marc:subfield code="b">EMI</marc:subfield><marc:subfield code="a">CDC 7 54237 2</marc:subfield></marc:datafield><marc:datafield tag="090" ind1=" " ind2=" "><marc:subfield code="a">239</marc:subfield></marc:datafield><marc:datafield tag="091" ind1=" " ind2=" "><marc:subfield code="a">1</marc:subfield><marc:subfield code="b">20180701</marc:subfield><marc:subfield code="c">0</marc:subfield></marc:datafield><marc:datafield tag="099" ind1=" " ind2=" "><marc:subfield code="t">DC</marc:subfield><marc:subfield code="c">2014-06-30</marc:subfield><marc:subfield code="d">2014-06-30</marc:subfield><marc:subfield code="x">2</marc:subfield></marc:datafield><marc:datafield tag="100" ind1=" " ind2=" "><marc:subfield code="a">19       1991    k  y0frey5003    ba</marc:subfield></marc:datafield><marc:datafield tag="101" ind1=" " ind2=" "><marc:subfield code="a">fre</marc:subfield></marc:datafield><marc:datafield tag="200" ind1=" " ind2=" "><marc:subfield code="a">Harold en Italie, Op.16</marc:subfield><marc:subfield code="b">Enr. sonore</marc:subfield><marc:subfield code="e">Symphonie en 4 parties</marc:subfield><marc:subfield code="a">Benvenuto Cellini, Op.23</marc:subfield><marc:subfield code="e">Ouverture</marc:subfield><marc:subfield code="a">Waverley, Op.1</marc:subfield><marc:subfield code="e">Grande ouverture</marc:subfield><marc:subfield code="f">Hector Berlioz, comp.</marc:subfield><marc:subfield code="g">Gérard Caussé, alto</marc:subfield><marc:subfield code="g">Orchestre du Capitole de Toulouse</marc:subfield><marc:subfield code="g">Michel Plasson, dir.</marc:subfield></marc:datafield><marc:datafield tag="210" ind1=" " ind2=" "><marc:subfield code="c">EMI</marc:subfield><marc:subfield code="a">France</marc:subfield><marc:subfield code="d">P 1991</marc:subfield></marc:datafield><marc:datafield tag="215" ind1=" " ind2=" "><marc:subfield code="a">1 d.c.</marc:subfield><marc:subfield code="e">1 brochure (15 p. ; 12 cm)</marc:subfield></marc:datafield><marc:datafield tag="305" ind1=" " ind2=" "><marc:subfield code="a">Enr.à la Halle aux Grains (Toulouse) en mars 1991</marc:subfield></marc:datafield><marc:datafield tag="307" ind1=" " ind2=" "><marc:subfield code="a">Texte en français, angl., all.</marc:subfield></marc:datafield><marc:datafield tag="327" ind1=" " ind2=" "><marc:subfield code="a">Harold en Italie : Harold aux montagnes</marc:subfield><marc:subfield code="a">Marche de pélerins chantant la prière du soir</marc:subfield><marc:subfield code="a">Sérénade</marc:subfield><marc:subfield code="a">Orgie des brigands. Benvenuto Cellini : Ouverture</marc:subfield><marc:subfield code="a">Waverley : Grande ouverture</marc:subfield></marc:datafield><marc:datafield tag="339" ind1=" " ind2=" "><marc:subfield code="a">m</marc:subfield></marc:datafield><marc:datafield tag="606" ind1=" " ind2=" "><marc:subfield code="a">Symphonies</marc:subfield><marc:subfield code="x">Disques</marc:subfield><marc:subfield code="2">rameau</marc:subfield></marc:datafield><marc:datafield tag="606" ind1=" " ind2=" "><marc:subfield code="a">Musique romantique (19e siècle)</marc:subfield><marc:subfield code="x">Disques</marc:subfield><marc:subfield code="2">rameau</marc:subfield></marc:datafield><marc:datafield tag="606" ind1=" " ind2=" "><marc:subfield code="a">Musique</marc:subfield><marc:subfield code="y">France</marc:subfield><marc:subfield code="z">19e siècle</marc:subfield><marc:subfield code="x">Disques</marc:subfield><marc:subfield code="2">rameau</marc:subfield></marc:datafield><marc:datafield tag="606" ind1=" " ind2=" "><marc:subfield code="3">12454201</marc:subfield><marc:subfield code="9">409</marc:subfield><marc:subfield code="7">ba0yba0y</marc:subfield><marc:subfield code="8">fre   </marc:subfield><marc:subfield code="a">Ouvertures (musique)</marc:subfield><marc:subfield code="x">Disques</marc:subfield><marc:subfield code="2">rameau</marc:subfield></marc:datafield><marc:datafield tag="679" ind1=" " ind2=" "><marc:subfield code="a">3</marc:subfield><marc:subfield code="c">24</marc:subfield></marc:datafield><marc:datafield tag="700" ind1="0" ind2=" "><marc:subfield code="9">398</marc:subfield><marc:subfield code="7">ba0yba0y</marc:subfield><marc:subfield code="8">fre   </marc:subfield><marc:subfield code="3">13891412</marc:subfield><marc:subfield code="7">ba0yba0y</marc:subfield><marc:subfield code="8">fre   </marc:subfield><marc:subfield code="a">Berlioz</marc:subfield><marc:subfield code="b">Hector</marc:subfield><marc:subfield code="f">1803-1869</marc:subfield></marc:datafield><marc:datafield tag="702" ind1="0" ind2=" "><marc:subfield code="9">284994</marc:subfield><marc:subfield code="a">Caussé</marc:subfield><marc:subfield code="b">Gérard</marc:subfield><marc:subfield code="f">1948-....</marc:subfield></marc:datafield><marc:datafield tag="702" ind1="0" ind2=" "><marc:subfield code="9">410</marc:subfield><marc:subfield code="7">ba0yba0y</marc:subfield><marc:subfield code="8">fre   </marc:subfield><marc:subfield code="3">13544708</marc:subfield><marc:subfield code="4">250</marc:subfield><marc:subfield code="7">ba0yba0y</marc:subfield><marc:subfield code="8">fre   </marc:subfield><marc:subfield code="a">Plasson</marc:subfield><marc:subfield code="b">Michel</marc:subfield><marc:subfield code="f">1933-....</marc:subfield></marc:datafield><marc:datafield tag="712" ind1="0" ind2=" "><marc:subfield code="9">122833</marc:subfield><marc:subfield code="a">Orchestre du Capitole</marc:subfield><marc:subfield code="c">Toulouse</marc:subfield></marc:datafield><marc:datafield tag="801" ind1=" " ind2="0"><marc:subfield code="a">FR</marc:subfield><marc:subfield code="b">595126101</marc:subfield><marc:subfield code="c">20070828</marc:subfield><marc:subfield code="g">AFNOR</marc:subfield></marc:datafield><marc:datafield tag="995" ind1=" " ind2=" "><marc:subfield code="0">0</marc:subfield><marc:subfield code="2">0</marc:subfield><marc:subfield code="3">0</marc:subfield><marc:subfield code="4">0</marc:subfield><marc:subfield code="5">2005-03-22</marc:subfield><marc:subfield code="9">328</marc:subfield><marc:subfield code="P">24.70</marc:subfield><marc:subfield code="b">MED</marc:subfield><marc:subfield code="c">MED</marc:subfield><marc:subfield code="e">MED1A</marc:subfield><marc:subfield code="f">C0000406044</marc:subfield><marc:subfield code="h">AMV30ZZ</marc:subfield><marc:subfield code="k">DC/3 BER SYMPHONIE</marc:subfield><marc:subfield code="o">0</marc:subfield><marc:subfield code="p">24.70</marc:subfield><marc:subfield code="r">PRETSON</marc:subfield><marc:subfield code="s">DC_3_000000000000000_BER_SYMPH</marc:subfield><marc:subfield code="w">29</marc:subfield><marc:subfield code="y">2018-06-12</marc:subfield><marc:subfield code="A">0</marc:subfield></marc:datafield></marc:record>