<marc:record><marc:leader>01951cam  2200433   4500</marc:leader><marc:controlfield tag="001">242</marc:controlfield><marc:controlfield tag="003">http://www.mediathequederoubaix.fr/ark:/20179/KH242</marc:controlfield><marc:datafield tag="010" ind1=" " ind2=" "><marc:subfield code="a">2-85088-063-9</marc:subfield></marc:datafield><marc:datafield tag="020" ind1=" " ind2=" "><marc:subfield code="a">FR</marc:subfield><marc:subfield code="b">09414442</marc:subfield></marc:datafield><marc:datafield tag="021" ind1=" " ind2=" "><marc:subfield code="a">FR</marc:subfield><marc:subfield code="b">DL 94-00832</marc:subfield></marc:datafield><marc:datafield tag="033" ind1=" " ind2=" "><marc:subfield code="a">http://catalogue.bnf.fr/ark:/12148/cb35614582t</marc:subfield></marc:datafield><marc:datafield tag="035" ind1=" " ind2=" "><marc:subfield code="a">FRBNF356145820000003</marc:subfield></marc:datafield><marc:datafield tag="039" ind1=" " ind2=" "><marc:subfield code="o">OPL</marc:subfield><marc:subfield code="a">01618660X</marc:subfield></marc:datafield><marc:datafield tag="090" ind1=" " ind2=" "><marc:subfield code="a">242</marc:subfield></marc:datafield><marc:datafield tag="091" ind1=" " ind2=" "><marc:subfield code="b">20180701</marc:subfield><marc:subfield code="c">1</marc:subfield><marc:subfield code="a">2</marc:subfield></marc:datafield><marc:datafield tag="099" ind1=" " ind2=" "><marc:subfield code="t">LI</marc:subfield><marc:subfield code="c">2014-06-30</marc:subfield><marc:subfield code="d">2014-06-30</marc:subfield><marc:subfield code="x">5</marc:subfield></marc:datafield><marc:datafield tag="100" ind1=" " ind2=" "><marc:subfield code="a">19931215d1993    m  y0frey50      ba</marc:subfield></marc:datafield><marc:datafield tag="101" ind1="0" ind2=" "><marc:subfield code="a">fre</marc:subfield></marc:datafield><marc:datafield tag="102" ind1=" " ind2=" "><marc:subfield code="a">FR</marc:subfield></marc:datafield><marc:datafield tag="105" ind1=" " ind2=" "><marc:subfield code="a">a   z   00|y|</marc:subfield></marc:datafield><marc:datafield tag="106" ind1=" " ind2=" "><marc:subfield code="a">r</marc:subfield></marc:datafield><marc:datafield tag="200" ind1="1" ind2=" "><marc:subfield code="a">L&apos;art grec</marc:subfield><marc:subfield code="b">Texte imprimé</marc:subfield><marc:subfield code="f">Kostas Papaioannou, Jean Bousquet</marc:subfield></marc:datafield><marc:datafield tag="205" ind1=" " ind2=" "><marc:subfield code="a">Nouv. éd. rev. et augm.</marc:subfield><marc:subfield code="f">par Jean Ducat, Gilles Touchais</marc:subfield><marc:subfield code="g">préf. de Pierre Vidal-Naquet</marc:subfield></marc:datafield><marc:datafield tag="210" ind1=" " ind2=" "><marc:subfield code="a">Paris</marc:subfield><marc:subfield code="c">Citadelles et Mazenod</marc:subfield><marc:subfield code="d">1993</marc:subfield><marc:subfield code="e">Impr. en Italie</marc:subfield></marc:datafield><marc:datafield tag="215" ind1=" " ind2=" "><marc:subfield code="a">651 p. dont [7] f. de dépl.</marc:subfield><marc:subfield code="c">ill. en noir et en coul., couv. et ill. en coul.</marc:subfield><marc:subfield code="d">31 cm</marc:subfield></marc:datafield><marc:datafield tag="225" ind1=" " ind2=" "><marc:subfield code="a">L&apos;art et les grandes civilisations</marc:subfield><marc:subfield code="x">0066-7951</marc:subfield><marc:subfield code="v">3</marc:subfield></marc:datafield><marc:datafield tag="300" ind1=" " ind2=" "><marc:subfield code="a">Bibliogr. p. 639-642. Index.</marc:subfield></marc:datafield><marc:datafield tag="339" ind1=" " ind2=" "><marc:subfield code="a">m</marc:subfield></marc:datafield><marc:datafield tag="410" ind1=" " ind2="0"><marc:subfield code="0">34225771</marc:subfield><marc:subfield code="t">L&apos;Art et les grandes civilisations</marc:subfield><marc:subfield code="x">0066-7951</marc:subfield><marc:subfield code="v">3</marc:subfield></marc:datafield><marc:datafield tag="606" ind1=" " ind2=" "><marc:subfield code="3">11930972</marc:subfield><marc:subfield code="9">415</marc:subfield><marc:subfield code="a">Art grec</marc:subfield><marc:subfield code="2">rameau</marc:subfield></marc:datafield><marc:datafield tag="607" ind1=" " ind2=" "><marc:subfield code="3">11945401</marc:subfield><marc:subfield code="9">416</marc:subfield><marc:subfield code="a">Grèce</marc:subfield><marc:subfield code="x">Civilisation</marc:subfield><marc:subfield code="z">Jusqu&apos;à 146 av. J.-C.</marc:subfield><marc:subfield code="2">rameau</marc:subfield></marc:datafield><marc:datafield tag="676" ind1=" " ind2=" "><marc:subfield code="a">709.38</marc:subfield><marc:subfield code="v">22</marc:subfield></marc:datafield><marc:datafield tag="686" ind1=" " ind2=" "><marc:subfield code="a">70 </marc:subfield><marc:subfield code="2">Cadre de classement de la Bibliographie nationale française</marc:subfield></marc:datafield><marc:datafield tag="700" ind1=" " ind2=" "><marc:subfield code="3">11918548</marc:subfield><marc:subfield code="9">417</marc:subfield><marc:subfield code="o">ISNI0000000109350910</marc:subfield><marc:subfield code="a">Papaïoannou</marc:subfield><marc:subfield code="b">Kostas</marc:subfield><marc:subfield code="f">1925-1981</marc:subfield><marc:subfield code="4">070</marc:subfield></marc:datafield><marc:datafield tag="701" ind1=" " ind2=" "><marc:subfield code="3">12103611</marc:subfield><marc:subfield code="9">272958</marc:subfield><marc:subfield code="o">ISNI0000000110829734</marc:subfield><marc:subfield code="a">Bousquet</marc:subfield><marc:subfield code="b">Jean</marc:subfield><marc:subfield code="f">1912-1996</marc:subfield><marc:subfield code="4">070</marc:subfield></marc:datafield><marc:datafield tag="702" ind1=" " ind2=" "><marc:subfield code="3">11900864</marc:subfield><marc:subfield code="9">272959</marc:subfield><marc:subfield code="o">ISNI0000000108234619</marc:subfield><marc:subfield code="a">Ducat</marc:subfield><marc:subfield code="b">Jean</marc:subfield><marc:subfield code="f">1933-....</marc:subfield><marc:subfield code="4">340</marc:subfield></marc:datafield><marc:datafield tag="702" ind1=" " ind2=" "><marc:subfield code="3">12355598</marc:subfield><marc:subfield code="9">272960</marc:subfield><marc:subfield code="o">ISNI0000000039670301</marc:subfield><marc:subfield code="a">Touchais</marc:subfield><marc:subfield code="b">Gilles</marc:subfield><marc:subfield code="4">340</marc:subfield></marc:datafield><marc:datafield tag="801" ind1=" " ind2="0"><marc:subfield code="a">FR</marc:subfield><marc:subfield code="b">FR-751131015</marc:subfield><marc:subfield code="c">19931215</marc:subfield><marc:subfield code="g">AFNOR</marc:subfield><marc:subfield code="h">FRBNF356145820000003</marc:subfield><marc:subfield code="2">intermrc</marc:subfield></marc:datafield><marc:datafield tag="995" ind1=" " ind2=" "><marc:subfield code="0">0</marc:subfield><marc:subfield code="2">0</marc:subfield><marc:subfield code="4">0</marc:subfield><marc:subfield code="5">2005-03-22</marc:subfield><marc:subfield code="9">331</marc:subfield><marc:subfield code="P">175.63</marc:subfield><marc:subfield code="b">MED</marc:subfield><marc:subfield code="c">MED</marc:subfield><marc:subfield code="e">MED1A</marc:subfield><marc:subfield code="f">C0003974533</marc:subfield><marc:subfield code="h">AAPATAP</marc:subfield><marc:subfield code="k">Doc./711 GRE</marc:subfield><marc:subfield code="o">0</marc:subfield><marc:subfield code="p">175.63</marc:subfield><marc:subfield code="r">PRETLIV</marc:subfield><marc:subfield code="s">DOC__711_000000000000000_GRE</marc:subfield><marc:subfield code="w">22</marc:subfield><marc:subfield code="y">2018-12-15</marc:subfield></marc:datafield></marc:record>