<marc:record><marc:leader>01337nam  2200337   4500</marc:leader><marc:controlfield tag="001">246</marc:controlfield><marc:controlfield tag="003">http://www.mediathequederoubaix.fr/ark:/20179/KH246</marc:controlfield><marc:datafield tag="010" ind1=" " ind2=" "><marc:subfield code="a">2-86833-032-0</marc:subfield></marc:datafield><marc:datafield tag="020" ind1=" " ind2=" "><marc:subfield code="a">FR</marc:subfield><marc:subfield code="b">09107116</marc:subfield></marc:datafield><marc:datafield tag="021" ind1=" " ind2=" "><marc:subfield code="a">FR</marc:subfield><marc:subfield code="b">DL 90-36339</marc:subfield></marc:datafield><marc:datafield tag="033" ind1=" " ind2=" "><marc:subfield code="a">http://catalogue.bnf.fr/ark:/12148/cb35152790g</marc:subfield></marc:datafield><marc:datafield tag="039" ind1=" " ind2=" "><marc:subfield code="o">OPL</marc:subfield><marc:subfield code="a">009226890</marc:subfield></marc:datafield><marc:datafield tag="090" ind1=" " ind2=" "><marc:subfield code="a">246</marc:subfield></marc:datafield><marc:datafield tag="091" ind1=" " ind2=" "><marc:subfield code="b">20180701</marc:subfield><marc:subfield code="c">0</marc:subfield><marc:subfield code="a">2</marc:subfield></marc:datafield><marc:datafield tag="099" ind1=" " ind2=" "><marc:subfield code="t">LG</marc:subfield><marc:subfield code="c">2014-06-30</marc:subfield><marc:subfield code="d">2014-06-30</marc:subfield><marc:subfield code="x">3</marc:subfield></marc:datafield><marc:datafield tag="100" ind1=" " ind2=" "><marc:subfield code="a">19910219d1990    m  y0frey50      ba</marc:subfield></marc:datafield><marc:datafield tag="101" ind1="0" ind2=" "><marc:subfield code="a">fre</marc:subfield></marc:datafield><marc:datafield tag="102" ind1=" " ind2=" "><marc:subfield code="a">FR</marc:subfield></marc:datafield><marc:datafield tag="105" ind1=" " ind2=" "><marc:subfield code="a">||||z   00|a|</marc:subfield></marc:datafield><marc:datafield tag="106" ind1=" " ind2=" "><marc:subfield code="a">r</marc:subfield></marc:datafield><marc:datafield tag="200" ind1="1" ind2=" "><marc:subfield code="a">La Pomme oubliée</marc:subfield><marc:subfield code="h">2</marc:subfield><marc:subfield code="b">Texte imprimé</marc:subfield><marc:subfield code="f">Jean Anglade</marc:subfield></marc:datafield><marc:datafield tag="210" ind1=" " ind2=" "><marc:subfield code="a">Lyon</marc:subfield><marc:subfield code="c">Chardon bleu</marc:subfield><marc:subfield code="a">Caen</marc:subfield><marc:subfield code="b">BP 3050, 14018 Cedex</marc:subfield><marc:subfield code="c">Largevision</marc:subfield><marc:subfield code="d">1990</marc:subfield><marc:subfield code="e">85-Le Poiré-sur-Vie</marc:subfield><marc:subfield code="g">Impr. graphique de l&apos;Ouest</marc:subfield></marc:datafield><marc:datafield tag="215" ind1=" " ind2=" "><marc:subfield code="a">167 p.</marc:subfield><marc:subfield code="c">couv. ill. en coul.</marc:subfield><marc:subfield code="d">21 cm</marc:subfield></marc:datafield><marc:datafield tag="225" ind1=" " ind2=" "><marc:subfield code="a">Collection Large vision</marc:subfield></marc:datafield><marc:datafield tag="339" ind1=" " ind2=" "><marc:subfield code="a">m</marc:subfield></marc:datafield><marc:datafield tag="410" ind1=" " ind2="0"><marc:subfield code="0">34235542</marc:subfield><marc:subfield code="t">Collection Largevision</marc:subfield><marc:subfield code="x">1764-1225</marc:subfield><marc:subfield code="d">1990</marc:subfield></marc:datafield><marc:datafield tag="493" ind1=" " ind2=" "><marc:subfield code="1">La pomme oubliée / Jean Anglade .</marc:subfield><marc:subfield code="1">Chardon Bleu , 1990 .</marc:subfield></marc:datafield><marc:datafield tag="686" ind1=" " ind2=" "><marc:subfield code="a">823</marc:subfield><marc:subfield code="2">Cadre de classement de la Bibliographie nationale française</marc:subfield></marc:datafield><marc:datafield tag="700" ind1=" " ind2=" "><marc:subfield code="3">11929789</marc:subfield><marc:subfield code="a">Anglade</marc:subfield><marc:subfield code="b">Jean</marc:subfield><marc:subfield code="f">1915-....</marc:subfield><marc:subfield code="4">070</marc:subfield></marc:datafield><marc:datafield tag="801" ind1=" " ind2="0"><marc:subfield code="a">FR</marc:subfield><marc:subfield code="b">FR-751131015</marc:subfield><marc:subfield code="c">19910219</marc:subfield><marc:subfield code="g">AFNOR</marc:subfield><marc:subfield code="h">FRBNF351527900000008</marc:subfield><marc:subfield code="2">intermrc</marc:subfield></marc:datafield><marc:datafield tag="995" ind1=" " ind2=" "><marc:subfield code="0">0</marc:subfield><marc:subfield code="2">0</marc:subfield><marc:subfield code="4">0</marc:subfield><marc:subfield code="5">2005-03-22</marc:subfield><marc:subfield code="9">336</marc:subfield><marc:subfield code="P">24.39</marc:subfield><marc:subfield code="b">MED</marc:subfield><marc:subfield code="c">MED</marc:subfield><marc:subfield code="e">MED1A</marc:subfield><marc:subfield code="f">C0000248200</marc:subfield><marc:subfield code="h">ALTLVZZ</marc:subfield><marc:subfield code="k">LV/R ANG</marc:subfield><marc:subfield code="o">0</marc:subfield><marc:subfield code="p">24.39</marc:subfield><marc:subfield code="r">PRETLIV</marc:subfield><marc:subfield code="s">LVR_ANG</marc:subfield><marc:subfield code="w">34</marc:subfield><marc:subfield code="y">2017-11-10</marc:subfield></marc:datafield></marc:record>