<marc:record><marc:leader>01808cam  2200421   4500</marc:leader><marc:controlfield tag="001">249</marc:controlfield><marc:controlfield tag="003">http://www.mediathequederoubaix.fr/ark:/20179/KH249</marc:controlfield><marc:datafield tag="010" ind1=" " ind2=" "><marc:subfield code="a">2-904641-12-2</marc:subfield></marc:datafield><marc:datafield tag="020" ind1=" " ind2=" "><marc:subfield code="a">FR</marc:subfield><marc:subfield code="b">09228363</marc:subfield></marc:datafield><marc:datafield tag="021" ind1=" " ind2=" "><marc:subfield code="a">FR</marc:subfield><marc:subfield code="b">DL 92-20711</marc:subfield></marc:datafield><marc:datafield tag="033" ind1=" " ind2=" "><marc:subfield code="a">http://catalogue.bnf.fr/ark:/12148/cb35523005s</marc:subfield></marc:datafield><marc:datafield tag="035" ind1=" " ind2=" "><marc:subfield code="a">FRBNF355230050000003</marc:subfield></marc:datafield><marc:datafield tag="039" ind1=" " ind2=" "><marc:subfield code="o">OPL</marc:subfield><marc:subfield code="a">014413048</marc:subfield></marc:datafield><marc:datafield tag="090" ind1=" " ind2=" "><marc:subfield code="a">249</marc:subfield></marc:datafield><marc:datafield tag="091" ind1=" " ind2=" "><marc:subfield code="b">20180701</marc:subfield><marc:subfield code="c">1</marc:subfield><marc:subfield code="a">2</marc:subfield></marc:datafield><marc:datafield tag="099" ind1=" " ind2=" "><marc:subfield code="t">LI</marc:subfield><marc:subfield code="c">2014-06-30</marc:subfield><marc:subfield code="d">2014-06-30</marc:subfield><marc:subfield code="x">1</marc:subfield></marc:datafield><marc:datafield tag="100" ind1=" " ind2=" "><marc:subfield code="a">19920813d1992    m  y0frey50      ba</marc:subfield></marc:datafield><marc:datafield tag="101" ind1="0" ind2=" "><marc:subfield code="a">fre</marc:subfield></marc:datafield><marc:datafield tag="102" ind1=" " ind2=" "><marc:subfield code="a">FR</marc:subfield></marc:datafield><marc:datafield tag="105" ind1=" " ind2=" "><marc:subfield code="a">a   z   00|y|</marc:subfield></marc:datafield><marc:datafield tag="106" ind1=" " ind2=" "><marc:subfield code="a">r</marc:subfield></marc:datafield><marc:datafield tag="200" ind1="1" ind2=" "><marc:subfield code="a">Le corps</marc:subfield><marc:subfield code="b">Texte imprimé</marc:subfield><marc:subfield code="e">dictionnaire bilingue</marc:subfield><marc:subfield code="f">Michel Girod, Agnès Vourc&apos;h</marc:subfield><marc:subfield code="g">[ill. de] Anne-Catherine Dufour</marc:subfield></marc:datafield><marc:datafield tag="210" ind1=" " ind2=" "><marc:subfield code="a">Vincennes</marc:subfield><marc:subfield code="b">Tour du Village, Château de Vincennes, 94300</marc:subfield><marc:subfield code="c">IVT Éd., Centre socio-culturel des sourds</marc:subfield><marc:subfield code="d">1992</marc:subfield><marc:subfield code="e">18-Bourges</marc:subfield><marc:subfield code="g">Impr. Tardy Quercy</marc:subfield></marc:datafield><marc:datafield tag="215" ind1=" " ind2=" "><marc:subfield code="a">72 p.</marc:subfield><marc:subfield code="c">ill., couv. ill.</marc:subfield><marc:subfield code="d">26 cm</marc:subfield></marc:datafield><marc:datafield tag="225" ind1="1" ind2="9"><marc:subfield code="a">La langue des signes.</marc:subfield><marc:subfield code="v">1</marc:subfield></marc:datafield><marc:datafield tag="225" ind1=" " ind2=" "><marc:subfield code="a">Collection thématique</marc:subfield></marc:datafield><marc:datafield tag="300" ind1=" " ind2=" "><marc:subfield code="a">Index</marc:subfield></marc:datafield><marc:datafield tag="339" ind1=" " ind2=" "><marc:subfield code="a">m</marc:subfield></marc:datafield><marc:datafield tag="410" ind1=" " ind2="0"><marc:subfield code="0">34291573</marc:subfield><marc:subfield code="t">Collection thématique (Vincennes)</marc:subfield><marc:subfield code="x">1275-2371</marc:subfield><marc:subfield code="d">1992</marc:subfield></marc:datafield><marc:datafield tag="606" ind1=" " ind2=" "><marc:subfield code="3">11933301</marc:subfield><marc:subfield code="9">424</marc:subfield><marc:subfield code="a">Sourds</marc:subfield><marc:subfield code="x">Communication</marc:subfield><marc:subfield code="2">rameau</marc:subfield></marc:datafield><marc:datafield tag="606" ind1=" " ind2=" "><marc:subfield code="3">11932219</marc:subfield><marc:subfield code="9">425</marc:subfield><marc:subfield code="a">Langage par signes</marc:subfield><marc:subfield code="2">rameau</marc:subfield></marc:datafield><marc:datafield tag="676" ind1=" " ind2=" "><marc:subfield code="a">419</marc:subfield><marc:subfield code="v">22</marc:subfield></marc:datafield><marc:datafield tag="686" ind1=" " ind2=" "><marc:subfield code="a">80 </marc:subfield><marc:subfield code="2">Cadre de classement de la Bibliographie nationale française</marc:subfield></marc:datafield><marc:datafield tag="700" ind1=" " ind2=" "><marc:subfield code="3">12377414</marc:subfield><marc:subfield code="9">426</marc:subfield><marc:subfield code="o">ISNI0000000081507073</marc:subfield><marc:subfield code="a">Girod</marc:subfield><marc:subfield code="b">Michel</marc:subfield><marc:subfield code="f">1948-....</marc:subfield><marc:subfield code="4">070</marc:subfield></marc:datafield><marc:datafield tag="701" ind1=" " ind2=" "><marc:subfield code="3">12052305</marc:subfield><marc:subfield code="9">427</marc:subfield><marc:subfield code="o">ISNI0000000032189793</marc:subfield><marc:subfield code="a">Vourc&apos;h</marc:subfield><marc:subfield code="b">Agnès</marc:subfield><marc:subfield code="4">070</marc:subfield></marc:datafield><marc:datafield tag="702" ind1=" " ind2=" "><marc:subfield code="3">12932954</marc:subfield><marc:subfield code="9">428</marc:subfield><marc:subfield code="o">ISNI0000000026111631</marc:subfield><marc:subfield code="a">Dufour</marc:subfield><marc:subfield code="b">Anne-Catherine</marc:subfield><marc:subfield code="4">440</marc:subfield></marc:datafield><marc:datafield tag="801" ind1=" " ind2="0"><marc:subfield code="a">FR</marc:subfield><marc:subfield code="b">FR-751131015</marc:subfield><marc:subfield code="c">19920813</marc:subfield><marc:subfield code="g">AFNOR</marc:subfield><marc:subfield code="h">FRBNF355230050000003</marc:subfield><marc:subfield code="2">intermrc</marc:subfield></marc:datafield><marc:datafield tag="995" ind1=" " ind2=" "><marc:subfield code="0">0</marc:subfield><marc:subfield code="2">0</marc:subfield><marc:subfield code="4">0</marc:subfield><marc:subfield code="5">2005-03-22</marc:subfield><marc:subfield code="9">340</marc:subfield><marc:subfield code="P">15.24</marc:subfield><marc:subfield code="b">MED</marc:subfield><marc:subfield code="c">MED</marc:subfield><marc:subfield code="e">MED3F</marc:subfield><marc:subfield code="f">C0000434958</marc:subfield><marc:subfield code="h">AZZMAZZ</marc:subfield><marc:subfield code="k">Mag. in-4/6 538</marc:subfield><marc:subfield code="o">0</marc:subfield><marc:subfield code="p">15.24</marc:subfield><marc:subfield code="r">PRETLIV</marc:subfield><marc:subfield code="s">MAG___IN46_538_000000000000000</marc:subfield><marc:subfield code="w">20</marc:subfield><marc:subfield code="y">2018-11-22</marc:subfield></marc:datafield></marc:record>