<marc:record><marc:leader>01641nam  2200373   4500</marc:leader><marc:controlfield tag="001">265</marc:controlfield><marc:controlfield tag="003">http://www.mediathequederoubaix.fr/ark:/20179/KH265</marc:controlfield><marc:datafield tag="010" ind1=" " ind2=" "><marc:subfield code="a">2-86833-060-6</marc:subfield></marc:datafield><marc:datafield tag="020" ind1=" " ind2=" "><marc:subfield code="a">FR</marc:subfield><marc:subfield code="b">09219404</marc:subfield></marc:datafield><marc:datafield tag="021" ind1=" " ind2=" "><marc:subfield code="a">FR</marc:subfield><marc:subfield code="b">DL 92-13420</marc:subfield></marc:datafield><marc:datafield tag="033" ind1=" " ind2=" "><marc:subfield code="a">http://catalogue.bnf.fr/ark:/12148/cb35511389s</marc:subfield></marc:datafield><marc:datafield tag="039" ind1=" " ind2=" "><marc:subfield code="o">OPL</marc:subfield><marc:subfield code="a">014189251</marc:subfield></marc:datafield><marc:datafield tag="090" ind1=" " ind2=" "><marc:subfield code="a">265</marc:subfield></marc:datafield><marc:datafield tag="091" ind1=" " ind2=" "><marc:subfield code="b">20180701</marc:subfield><marc:subfield code="c">0</marc:subfield><marc:subfield code="a">2</marc:subfield></marc:datafield><marc:datafield tag="099" ind1=" " ind2=" "><marc:subfield code="t">LG</marc:subfield><marc:subfield code="c">2014-06-30</marc:subfield><marc:subfield code="d">2014-06-30</marc:subfield><marc:subfield code="x">3</marc:subfield></marc:datafield><marc:datafield tag="100" ind1=" " ind2=" "><marc:subfield code="a">19920519d1992    m  y0frey50      ba</marc:subfield></marc:datafield><marc:datafield tag="101" ind1="1" ind2=" "><marc:subfield code="a">fre</marc:subfield><marc:subfield code="c">eng</marc:subfield></marc:datafield><marc:datafield tag="102" ind1=" " ind2=" "><marc:subfield code="a">FR</marc:subfield></marc:datafield><marc:datafield tag="105" ind1=" " ind2=" "><marc:subfield code="a">||||z   00|a|</marc:subfield></marc:datafield><marc:datafield tag="106" ind1=" " ind2=" "><marc:subfield code="a">r</marc:subfield></marc:datafield><marc:datafield tag="200" ind1="1" ind2=" "><marc:subfield code="a">Pourquoi j&apos;ai mangé mon père</marc:subfield><marc:subfield code="h">Tome II</marc:subfield><marc:subfield code="b">Texte imprimé</marc:subfield><marc:subfield code="e">roman</marc:subfield><marc:subfield code="f">Roy Lewis</marc:subfield><marc:subfield code="g">trad. de l&apos;anglais par Vercors et Rita Barisse</marc:subfield><marc:subfield code="g">préf. de Vercors</marc:subfield></marc:datafield><marc:datafield tag="210" ind1=" " ind2=" "><marc:subfield code="a">Caen</marc:subfield><marc:subfield code="c">Chardon bleu</marc:subfield><marc:subfield code="d">1992</marc:subfield><marc:subfield code="e">85-Le Poiré-sur-Vie</marc:subfield><marc:subfield code="g">Impr. Graphique de l&apos;Ouest</marc:subfield></marc:datafield><marc:datafield tag="215" ind1=" " ind2=" "><marc:subfield code="a">158 p.</marc:subfield><marc:subfield code="c">couv. ill. en coul.</marc:subfield><marc:subfield code="d">21 cm</marc:subfield></marc:datafield><marc:datafield tag="225" ind1=" " ind2=" "><marc:subfield code="a">Collection Largevision</marc:subfield></marc:datafield><marc:datafield tag="339" ind1=" " ind2=" "><marc:subfield code="a">m</marc:subfield></marc:datafield><marc:datafield tag="410" ind1=" " ind2="0"><marc:subfield code="0">34235542</marc:subfield><marc:subfield code="t">Collection Largevision</marc:subfield><marc:subfield code="x">1764-1225</marc:subfield><marc:subfield code="d">1992</marc:subfield></marc:datafield><marc:datafield tag="454" ind1=" " ind2="1"><marc:subfield code="t">The evolution man</marc:subfield></marc:datafield><marc:datafield tag="493" ind1=" " ind2=" "><marc:subfield code="1">Pourquoi j&apos;ai mangé mon père / Roy Lewis ; trad. de l&apos;anglais par Vercors ; et Rita Barisse ; préf. de Vercors .</marc:subfield><marc:subfield code="1">Chardon Bleu , 1992 .</marc:subfield></marc:datafield><marc:datafield tag="686" ind1=" " ind2=" "><marc:subfield code="a">823</marc:subfield><marc:subfield code="2">Cadre de classement de la Bibliographie nationale française</marc:subfield></marc:datafield><marc:datafield tag="700" ind1=" " ind2=" "><marc:subfield code="3">12149861</marc:subfield><marc:subfield code="o">ISNI0000000114721763</marc:subfield><marc:subfield code="a">Lewis</marc:subfield><marc:subfield code="b">Roy</marc:subfield><marc:subfield code="f">1913-1996</marc:subfield><marc:subfield code="4">070</marc:subfield></marc:datafield><marc:datafield tag="702" ind1=" " ind2=" "><marc:subfield code="3">11927913</marc:subfield><marc:subfield code="a">Vercors</marc:subfield><marc:subfield code="f">1902-1991</marc:subfield><marc:subfield code="4">730</marc:subfield></marc:datafield><marc:datafield tag="702" ind1=" " ind2=" "><marc:subfield code="3">11890242</marc:subfield><marc:subfield code="o">ISNI000000007976314X</marc:subfield><marc:subfield code="a">Barisse</marc:subfield><marc:subfield code="b">Rita</marc:subfield><marc:subfield code="4">730</marc:subfield></marc:datafield><marc:datafield tag="801" ind1=" " ind2="0"><marc:subfield code="a">FR</marc:subfield><marc:subfield code="b">FR-751131015</marc:subfield><marc:subfield code="c">19920519</marc:subfield><marc:subfield code="g">AFNOR</marc:subfield><marc:subfield code="h">FRBNF355113890000007</marc:subfield><marc:subfield code="2">intermrc</marc:subfield></marc:datafield><marc:datafield tag="995" ind1=" " ind2=" "><marc:subfield code="0">0</marc:subfield><marc:subfield code="2">0</marc:subfield><marc:subfield code="4">0</marc:subfield><marc:subfield code="5">2005-03-22</marc:subfield><marc:subfield code="9">357</marc:subfield><marc:subfield code="P">20.00</marc:subfield><marc:subfield code="b">MED</marc:subfield><marc:subfield code="c">MED</marc:subfield><marc:subfield code="e">MED1A</marc:subfield><marc:subfield code="f">C0000500042</marc:subfield><marc:subfield code="h">ALTLVZZ</marc:subfield><marc:subfield code="k">LV/R LEW</marc:subfield><marc:subfield code="o">0</marc:subfield><marc:subfield code="p">20.00</marc:subfield><marc:subfield code="r">PRETLIV</marc:subfield><marc:subfield code="s">LVR_LEW</marc:subfield><marc:subfield code="w">25</marc:subfield><marc:subfield code="y">2018-09-15</marc:subfield></marc:datafield></marc:record>