<marc:record><marc:leader>02156nam  2200373   4500</marc:leader><marc:controlfield tag="001">277</marc:controlfield><marc:controlfield tag="003">http://www.mediathequederoubaix.fr/ark:/20179/KH277</marc:controlfield><marc:datafield tag="010" ind1=" " ind2=" "><marc:subfield code="a">2-258-03732-8</marc:subfield></marc:datafield><marc:datafield tag="020" ind1=" " ind2=" "><marc:subfield code="a">FR</marc:subfield><marc:subfield code="b">09314697</marc:subfield></marc:datafield><marc:datafield tag="021" ind1=" " ind2=" "><marc:subfield code="a">FR</marc:subfield><marc:subfield code="b">DL 93-07697</marc:subfield></marc:datafield><marc:datafield tag="033" ind1=" " ind2=" "><marc:subfield code="a">http://catalogue.bnf.fr/ark:/12148/cb355631543</marc:subfield></marc:datafield><marc:datafield tag="035" ind1=" " ind2=" "><marc:subfield code="a">FRBNF355631540000008</marc:subfield></marc:datafield><marc:datafield tag="039" ind1=" " ind2=" "><marc:subfield code="o">OPL</marc:subfield><marc:subfield code="a">015088732</marc:subfield></marc:datafield><marc:datafield tag="090" ind1=" " ind2=" "><marc:subfield code="a">277</marc:subfield></marc:datafield><marc:datafield tag="091" ind1=" " ind2=" "><marc:subfield code="b">20180701</marc:subfield><marc:subfield code="c">1</marc:subfield><marc:subfield code="a">2</marc:subfield></marc:datafield><marc:datafield tag="099" ind1=" " ind2=" "><marc:subfield code="t">LI</marc:subfield><marc:subfield code="c">2014-06-30</marc:subfield><marc:subfield code="d">2014-06-30</marc:subfield><marc:subfield code="x">2</marc:subfield></marc:datafield><marc:datafield tag="100" ind1=" " ind2=" "><marc:subfield code="a">19930416d1993    m  y0frey50      ba</marc:subfield></marc:datafield><marc:datafield tag="101" ind1="0" ind2=" "><marc:subfield code="a">fre</marc:subfield></marc:datafield><marc:datafield tag="102" ind1=" " ind2=" "><marc:subfield code="a">FR</marc:subfield></marc:datafield><marc:datafield tag="105" ind1=" " ind2=" "><marc:subfield code="a">||||z   00|a|</marc:subfield></marc:datafield><marc:datafield tag="106" ind1=" " ind2=" "><marc:subfield code="a">r</marc:subfield></marc:datafield><marc:datafield tag="200" ind1="1" ind2=" "><marc:subfield code="a">Les mondes perdus</marc:subfield><marc:subfield code="b">Texte imprimé</marc:subfield><marc:subfield code="f">textes choisis par Jacques Goimard</marc:subfield><marc:subfield code="g">présentation de Lauric Guillaud,...</marc:subfield></marc:datafield><marc:datafield tag="210" ind1=" " ind2=" "><marc:subfield code="a">[Paris]</marc:subfield><marc:subfield code="c">Presses de la cité</marc:subfield><marc:subfield code="d">1993</marc:subfield><marc:subfield code="e">45-Manchecourt</marc:subfield><marc:subfield code="g">Maury-Eurolivres</marc:subfield></marc:datafield><marc:datafield tag="215" ind1=" " ind2=" "><marc:subfield code="a">XXIII-987 p.</marc:subfield><marc:subfield code="c">ill., couv. ill. en coul.</marc:subfield><marc:subfield code="d">20 cm</marc:subfield></marc:datafield><marc:datafield tag="225" ind1=" " ind2=" "><marc:subfield code="a">Collection Omnibus</marc:subfield></marc:datafield><marc:datafield tag="300" ind1=" " ind2=" "><marc:subfield code="a">Réunit : &quot;L&apos;homme qui voulut être roi&quot; de Rudyard Kipling ; &quot;Le peuple du brouillard&quot; de Henry Rider Haggard ; &quot;Le village aérien&quot; de Jules Verne ; &quot;Le pays des aveugles&quot; et &quot;Dans l&apos;abîme&quot; de H.-G. Wells ; &quot;L&apos;étonnant voyage de Hareton Ironcastle&quot; de J.-H. Rosny aîné ; &quot;Les habitants du mirage&quot; de Abraham Merritt ; &quot;Les horizons perdus&quot; de James Hilton</marc:subfield></marc:datafield><marc:datafield tag="327" ind1=" " ind2=" "><marc:subfield code="a">L&apos;Homme qui voulût être roi / Rudyard Kipling</marc:subfield><marc:subfield code="a">Le Peuple du brouillard / Henry Rider Haggard</marc:subfield><marc:subfield code="a">Le Village aérien / Jules Verne</marc:subfield><marc:subfield code="a">Le Pays des aveugles / H.-G. Wells</marc:subfield><marc:subfield code="a">Dans l&apos;abîme / H.-G. Wells</marc:subfield><marc:subfield code="a">L&apos;Etonnant voyage de Hareton Ironcastle / J.-H. Rosny l&apos;Aîné</marc:subfield><marc:subfield code="a">Les Habitants du mirage / Abraham Meritt</marc:subfield><marc:subfield code="a">Les Horizons perdus / James Hilton</marc:subfield></marc:datafield><marc:datafield tag="339" ind1=" " ind2=" "><marc:subfield code="a">m</marc:subfield></marc:datafield><marc:datafield tag="410" ind1=" " ind2="0"><marc:subfield code="0">34251060</marc:subfield><marc:subfield code="t">Collection Omnibus (Paris. 1988)</marc:subfield><marc:subfield code="x">0993-7889</marc:subfield><marc:subfield code="d">1993</marc:subfield></marc:datafield><marc:datafield tag="686" ind1=" " ind2=" "><marc:subfield code="a">823</marc:subfield><marc:subfield code="2">Cadre de classement de la Bibliographie nationale française</marc:subfield></marc:datafield><marc:datafield tag="702" ind1=" " ind2=" "><marc:subfield code="3">11905297</marc:subfield><marc:subfield code="9">460</marc:subfield><marc:subfield code="o">ISNI0000000108717362</marc:subfield><marc:subfield code="a">Goimard</marc:subfield><marc:subfield code="b">Jacques</marc:subfield><marc:subfield code="f">1934-2012</marc:subfield><marc:subfield code="4">340</marc:subfield></marc:datafield><marc:datafield tag="702" ind1=" " ind2=" "><marc:subfield code="3">12305979</marc:subfield><marc:subfield code="9">461</marc:subfield><marc:subfield code="o">ISNI0000000122757432</marc:subfield><marc:subfield code="a">Guillaud</marc:subfield><marc:subfield code="b">Lauric</marc:subfield><marc:subfield code="4">080</marc:subfield></marc:datafield><marc:datafield tag="801" ind1=" " ind2="0"><marc:subfield code="a">FR</marc:subfield><marc:subfield code="b">FR-751131015</marc:subfield><marc:subfield code="c">19930416</marc:subfield><marc:subfield code="g">AFNOR</marc:subfield><marc:subfield code="h">FRBNF355631540000008</marc:subfield><marc:subfield code="2">intermrc</marc:subfield></marc:datafield><marc:datafield tag="995" ind1=" " ind2=" "><marc:subfield code="0">0</marc:subfield><marc:subfield code="2">0</marc:subfield><marc:subfield code="4">0</marc:subfield><marc:subfield code="5">2005-03-22</marc:subfield><marc:subfield code="9">370</marc:subfield><marc:subfield code="P">17.00</marc:subfield><marc:subfield code="b">MED</marc:subfield><marc:subfield code="c">MED</marc:subfield><marc:subfield code="e">MED1A</marc:subfield><marc:subfield code="f">C0000243501</marc:subfield><marc:subfield code="h">ALTROZZ</marc:subfield><marc:subfield code="k">R/MON</marc:subfield><marc:subfield code="o">0</marc:subfield><marc:subfield code="p">17.00</marc:subfield><marc:subfield code="r">PRETLIV</marc:subfield><marc:subfield code="s">RMON</marc:subfield><marc:subfield code="w">26</marc:subfield><marc:subfield code="y">2016-10-08</marc:subfield></marc:datafield></marc:record>