<marc:record><marc:leader>01426nam  2200337   4500</marc:leader><marc:controlfield tag="001">291</marc:controlfield><marc:controlfield tag="003">http://www.mediathequederoubaix.fr/ark:/20179/KH291</marc:controlfield><marc:datafield tag="010" ind1=" " ind2=" "><marc:subfield code="a">2-226-05456-1</marc:subfield></marc:datafield><marc:datafield tag="020" ind1=" " ind2=" "><marc:subfield code="a">FR</marc:subfield><marc:subfield code="b">09304845</marc:subfield></marc:datafield><marc:datafield tag="021" ind1=" " ind2=" "><marc:subfield code="a">FR</marc:subfield><marc:subfield code="b">DL 92-36720</marc:subfield></marc:datafield><marc:datafield tag="033" ind1=" " ind2=" "><marc:subfield code="a">http://catalogue.bnf.fr/ark:/12148/cb35544581x</marc:subfield></marc:datafield><marc:datafield tag="035" ind1=" " ind2=" "><marc:subfield code="a">FRBNF355445810000004</marc:subfield></marc:datafield><marc:datafield tag="039" ind1=" " ind2=" "><marc:subfield code="o">OPL</marc:subfield><marc:subfield code="a">014777660</marc:subfield></marc:datafield><marc:datafield tag="090" ind1=" " ind2=" "><marc:subfield code="a">291</marc:subfield></marc:datafield><marc:datafield tag="091" ind1=" " ind2=" "><marc:subfield code="b">20180701</marc:subfield><marc:subfield code="c">1</marc:subfield><marc:subfield code="a">2</marc:subfield></marc:datafield><marc:datafield tag="099" ind1=" " ind2=" "><marc:subfield code="t">LI</marc:subfield><marc:subfield code="c">2014-06-30</marc:subfield><marc:subfield code="d">2014-06-30</marc:subfield><marc:subfield code="x">7</marc:subfield></marc:datafield><marc:datafield tag="100" ind1=" " ind2=" "><marc:subfield code="a">19930108d1992    a  y0frey50      ba</marc:subfield></marc:datafield><marc:datafield tag="101" ind1="0" ind2=" "><marc:subfield code="a">fre</marc:subfield></marc:datafield><marc:datafield tag="102" ind1=" " ind2=" "><marc:subfield code="a">FR</marc:subfield></marc:datafield><marc:datafield tag="105" ind1=" " ind2=" "><marc:subfield code="a">a   z   00|a|</marc:subfield></marc:datafield><marc:datafield tag="106" ind1=" " ind2=" "><marc:subfield code="a">r</marc:subfield></marc:datafield><marc:datafield tag="200" ind1="1" ind2=" "><marc:subfield code="a">Les deux soeurs</marc:subfield><marc:subfield code="b">Texte imprimé</marc:subfield><marc:subfield code="f">Koza Belleli</marc:subfield><marc:subfield code="g">images de Yura Komine</marc:subfield></marc:datafield><marc:datafield tag="210" ind1=" " ind2=" "><marc:subfield code="a">[Paris]</marc:subfield><marc:subfield code="c">Ipomée-A. Michel</marc:subfield><marc:subfield code="d">1992</marc:subfield><marc:subfield code="e">Impr. en Belgique</marc:subfield></marc:datafield><marc:datafield tag="215" ind1=" " ind2=" "><marc:subfield code="a">27 p.</marc:subfield><marc:subfield code="c">ill. en coul., couv. ill. en coul.</marc:subfield><marc:subfield code="d">29 cm</marc:subfield></marc:datafield><marc:datafield tag="339" ind1=" " ind2=" "><marc:subfield code="a">a</marc:subfield></marc:datafield><marc:datafield tag="686" ind1=" " ind2=" "><marc:subfield code="a">823</marc:subfield><marc:subfield code="2">Cadre de classement de la Bibliographie nationale française</marc:subfield></marc:datafield><marc:datafield tag="700" ind1=" " ind2=" "><marc:subfield code="3">12938219</marc:subfield><marc:subfield code="9">478</marc:subfield><marc:subfield code="o">ISNI0000000000534812</marc:subfield><marc:subfield code="a">Belleli</marc:subfield><marc:subfield code="b">Koza</marc:subfield><marc:subfield code="4">070</marc:subfield></marc:datafield><marc:datafield tag="701" ind1=" " ind2=" "><marc:subfield code="3">12938258</marc:subfield><marc:subfield code="9">479</marc:subfield><marc:subfield code="o">ISNI0000000000229789</marc:subfield><marc:subfield code="a">Komine</marc:subfield><marc:subfield code="b">Yura</marc:subfield><marc:subfield code="4">070</marc:subfield></marc:datafield><marc:datafield tag="801" ind1=" " ind2="0"><marc:subfield code="a">FR</marc:subfield><marc:subfield code="b">FR-751131015</marc:subfield><marc:subfield code="c">19930108</marc:subfield><marc:subfield code="g">AFNOR</marc:subfield><marc:subfield code="h">FRBNF355445810000004</marc:subfield><marc:subfield code="2">intermrc</marc:subfield></marc:datafield><marc:datafield tag="995" ind1=" " ind2=" "><marc:subfield code="0">0</marc:subfield><marc:subfield code="2">0</marc:subfield><marc:subfield code="4">0</marc:subfield><marc:subfield code="5">2005-03-22</marc:subfield><marc:subfield code="9">387</marc:subfield><marc:subfield code="P">12.00</marc:subfield><marc:subfield code="b">MED</marc:subfield><marc:subfield code="c">MED</marc:subfield><marc:subfield code="e">MED0A</marc:subfield><marc:subfield code="f">C0000561234</marc:subfield><marc:subfield code="h">JABEFAE</marc:subfield><marc:subfield code="k">EXT E C/BEL</marc:subfield><marc:subfield code="n">2019-06-30</marc:subfield><marc:subfield code="o">0</marc:subfield><marc:subfield code="p">12.00</marc:subfield><marc:subfield code="r">PRETLIV</marc:subfield><marc:subfield code="s">EXT_E_CBEL</marc:subfield><marc:subfield code="w">21</marc:subfield><marc:subfield code="y">2017-11-24</marc:subfield></marc:datafield><marc:datafield tag="995" ind1=" " ind2=" "><marc:subfield code="0">0</marc:subfield><marc:subfield code="2">0</marc:subfield><marc:subfield code="4">0</marc:subfield><marc:subfield code="5">2005-03-22</marc:subfield><marc:subfield code="9">388</marc:subfield><marc:subfield code="P">12.00</marc:subfield><marc:subfield code="b">MED</marc:subfield><marc:subfield code="c">MED</marc:subfield><marc:subfield code="e">MED0A</marc:subfield><marc:subfield code="f">C0000537073</marc:subfield><marc:subfield code="h">JABEFAE</marc:subfield><marc:subfield code="k">EXT E C/BEL</marc:subfield><marc:subfield code="n">2019-07-02</marc:subfield><marc:subfield code="o">0</marc:subfield><marc:subfield code="p">12.00</marc:subfield><marc:subfield code="r">PRETLIV</marc:subfield><marc:subfield code="s">EXT_E_CBEL</marc:subfield><marc:subfield code="w">22</marc:subfield><marc:subfield code="y">2018-09-22</marc:subfield></marc:datafield></marc:record>