<marc:record><marc:leader>01112na  a2200265   4500</marc:leader><marc:controlfield tag="001">294</marc:controlfield><marc:controlfield tag="003">http://www.mediathequederoubaix.fr/ark:/20179/KH294</marc:controlfield><marc:controlfield tag="005">20180926212002.0</marc:controlfield><marc:datafield tag="010" ind1=" " ind2=" "><marc:subfield code="a">2-904292-33-0</marc:subfield></marc:datafield><marc:datafield tag="033" ind1=" " ind2=" "><marc:subfield code="a">http://catalogue.bnf.fr/ark:/12148/cb43420069z</marc:subfield></marc:datafield><marc:datafield tag="035" ind1=" " ind2=" "><marc:subfield code="a">FRBNF434200690000001</marc:subfield></marc:datafield><marc:datafield tag="090" ind1=" " ind2=" "><marc:subfield code="a">294</marc:subfield></marc:datafield><marc:datafield tag="091" ind1=" " ind2=" "><marc:subfield code="a">2</marc:subfield><marc:subfield code="b">20180701</marc:subfield><marc:subfield code="c">0</marc:subfield></marc:datafield><marc:datafield tag="099" ind1=" " ind2=" "><marc:subfield code="t">LI</marc:subfield><marc:subfield code="c">2014-06-30</marc:subfield><marc:subfield code="d">2014-06-30</marc:subfield><marc:subfield code="x">7</marc:subfield></marc:datafield><marc:datafield tag="100" ind1=" " ind2=" "><marc:subfield code="a">19       1987    k  y0frey5003    ba</marc:subfield></marc:datafield><marc:datafield tag="101" ind1=" " ind2=" "><marc:subfield code="a">fre</marc:subfield></marc:datafield><marc:datafield tag="200" ind1=" " ind2=" "><marc:subfield code="a">L&apos;Oiseleur</marc:subfield><marc:subfield code="f">Eve Bunting</marc:subfield><marc:subfield code="g">ill. par Charles Mikolaycak</marc:subfield></marc:datafield><marc:datafield tag="210" ind1=" " ind2=" "><marc:subfield code="a">Orange</marc:subfield><marc:subfield code="c">Grandir</marc:subfield><marc:subfield code="d">1987</marc:subfield></marc:datafield><marc:datafield tag="215" ind1=" " ind2=" "><marc:subfield code="a">30 p.</marc:subfield><marc:subfield code="c">ill., couv. ill.</marc:subfield><marc:subfield code="d">26 cm</marc:subfield></marc:datafield><marc:datafield tag="339" ind1=" " ind2=" "><marc:subfield code="a">a</marc:subfield></marc:datafield><marc:datafield tag="700" ind1="0" ind2=" "><marc:subfield code="9">486</marc:subfield><marc:subfield code="7">ba0yba0y</marc:subfield><marc:subfield code="8">fre   </marc:subfield><marc:subfield code="3">12127148</marc:subfield><marc:subfield code="7">ba0yba0y</marc:subfield><marc:subfield code="8">fre   </marc:subfield><marc:subfield code="a">Bunting</marc:subfield><marc:subfield code="b">Eve</marc:subfield><marc:subfield code="f">1928-....</marc:subfield></marc:datafield><marc:datafield tag="702" ind1="0" ind2=" "><marc:subfield code="9">147102</marc:subfield><marc:subfield code="4">440</marc:subfield><marc:subfield code="a">Mikolaycak</marc:subfield><marc:subfield code="b">Charles</marc:subfield></marc:datafield><marc:datafield tag="801" ind1=" " ind2="0"><marc:subfield code="a">FR</marc:subfield><marc:subfield code="b">595126101</marc:subfield><marc:subfield code="c">20050322</marc:subfield><marc:subfield code="g">AFNOR</marc:subfield></marc:datafield><marc:datafield tag="995" ind1=" " ind2=" "><marc:subfield code="0">0</marc:subfield><marc:subfield code="2">0</marc:subfield><marc:subfield code="4">0</marc:subfield><marc:subfield code="5">2005-03-22</marc:subfield><marc:subfield code="9">394</marc:subfield><marc:subfield code="P">12.04</marc:subfield><marc:subfield code="b">MED</marc:subfield><marc:subfield code="c">MED</marc:subfield><marc:subfield code="e">MED0A</marc:subfield><marc:subfield code="f">C0000627763</marc:subfield><marc:subfield code="h">JABEFAE</marc:subfield><marc:subfield code="k">EXT E C/BUN</marc:subfield><marc:subfield code="n">2019-07-02</marc:subfield><marc:subfield code="o">0</marc:subfield><marc:subfield code="p">12.04</marc:subfield><marc:subfield code="r">PRETLIV</marc:subfield><marc:subfield code="s">EXT_E_CBUN</marc:subfield><marc:subfield code="w">22</marc:subfield><marc:subfield code="y">2018-09-14</marc:subfield></marc:datafield><marc:datafield tag="995" ind1=" " ind2=" "><marc:subfield code="0">0</marc:subfield><marc:subfield code="2">0</marc:subfield><marc:subfield code="4">0</marc:subfield><marc:subfield code="5">2005-03-22</marc:subfield><marc:subfield code="9">395</marc:subfield><marc:subfield code="P">12.04</marc:subfield><marc:subfield code="b">MED</marc:subfield><marc:subfield code="c">MED</marc:subfield><marc:subfield code="e">MED0A</marc:subfield><marc:subfield code="f">C0000438295</marc:subfield><marc:subfield code="h">JABEFAE</marc:subfield><marc:subfield code="k">EXT E C/BUN</marc:subfield><marc:subfield code="n">2019-07-02</marc:subfield><marc:subfield code="o">0</marc:subfield><marc:subfield code="p">12.04</marc:subfield><marc:subfield code="r">PRETLIV</marc:subfield><marc:subfield code="s">EXT_E_CBUN</marc:subfield><marc:subfield code="w">21</marc:subfield><marc:subfield code="y">2018-09-26</marc:subfield></marc:datafield></marc:record>