<marc:record><marc:leader>01496cam  2200361   4500</marc:leader><marc:controlfield tag="001">301</marc:controlfield><marc:controlfield tag="003">http://www.mediathequederoubaix.fr/ark:/20179/KH301</marc:controlfield><marc:datafield tag="010" ind1=" " ind2=" "><marc:subfield code="a">2-906535-33-8</marc:subfield></marc:datafield><marc:datafield tag="020" ind1=" " ind2=" "><marc:subfield code="a">FR</marc:subfield><marc:subfield code="b">09813381</marc:subfield></marc:datafield><marc:datafield tag="021" ind1=" " ind2=" "><marc:subfield code="a">FR</marc:subfield><marc:subfield code="b">DL 98-06497</marc:subfield></marc:datafield><marc:datafield tag="033" ind1=" " ind2=" "><marc:subfield code="a">http://catalogue.bnf.fr/ark:/12148/cb36208593p</marc:subfield></marc:datafield><marc:datafield tag="035" ind1=" " ind2=" "><marc:subfield code="a">FRBNF362085930000002</marc:subfield></marc:datafield><marc:datafield tag="039" ind1=" " ind2=" "><marc:subfield code="o">OPL</marc:subfield><marc:subfield code="a">013836465</marc:subfield></marc:datafield><marc:datafield tag="090" ind1=" " ind2=" "><marc:subfield code="a">301</marc:subfield></marc:datafield><marc:datafield tag="091" ind1=" " ind2=" "><marc:subfield code="b">20180701</marc:subfield><marc:subfield code="c">1</marc:subfield><marc:subfield code="a">2</marc:subfield></marc:datafield><marc:datafield tag="099" ind1=" " ind2=" "><marc:subfield code="t">LI</marc:subfield><marc:subfield code="c">2014-06-30</marc:subfield><marc:subfield code="d">2014-06-30</marc:subfield><marc:subfield code="x">1</marc:subfield></marc:datafield><marc:datafield tag="100" ind1=" " ind2=" "><marc:subfield code="a">19970126d1991    m  y0frey50      ba</marc:subfield></marc:datafield><marc:datafield tag="101" ind1="0" ind2=" "><marc:subfield code="a">fre</marc:subfield></marc:datafield><marc:datafield tag="102" ind1=" " ind2=" "><marc:subfield code="a">FR</marc:subfield></marc:datafield><marc:datafield tag="105" ind1=" " ind2=" "><marc:subfield code="a">a   z   00|y|</marc:subfield></marc:datafield><marc:datafield tag="106" ind1=" " ind2=" "><marc:subfield code="a">r</marc:subfield></marc:datafield><marc:datafield tag="200" ind1="1" ind2=" "><marc:subfield code="a">Mille ans de costume français, 950-1950</marc:subfield><marc:subfield code="b">Texte imprimé</marc:subfield></marc:datafield><marc:datafield tag="210" ind1=" " ind2=" "><marc:subfield code="a">Thionville</marc:subfield><marc:subfield code="c">G. Klopp</marc:subfield><marc:subfield code="d">1991</marc:subfield></marc:datafield><marc:datafield tag="215" ind1=" " ind2=" "><marc:subfield code="a">245 p.</marc:subfield><marc:subfield code="c">ill. en noir et en coul., couv. ill. en coul.</marc:subfield><marc:subfield code="d">24 cm</marc:subfield></marc:datafield><marc:datafield tag="300" ind1=" " ind2=" "><marc:subfield code="a">Bibliogr. p. 235-236</marc:subfield></marc:datafield><marc:datafield tag="339" ind1=" " ind2=" "><marc:subfield code="a">m</marc:subfield></marc:datafield><marc:datafield tag="606" ind1=" " ind2=" "><marc:subfield code="3">11936165</marc:subfield><marc:subfield code="9">493</marc:subfield><marc:subfield code="a">Costume</marc:subfield><marc:subfield code="3">11931476</marc:subfield><marc:subfield code="9">109</marc:subfield><marc:subfield code="y">France</marc:subfield><marc:subfield code="3">11934444</marc:subfield><marc:subfield code="9">494</marc:subfield><marc:subfield code="x">Histoire</marc:subfield><marc:subfield code="2">rameau</marc:subfield></marc:datafield><marc:datafield tag="676" ind1=" " ind2=" "><marc:subfield code="a">746.920 944</marc:subfield><marc:subfield code="v">22</marc:subfield></marc:datafield><marc:datafield tag="686" ind1=" " ind2=" "><marc:subfield code="a">39 </marc:subfield><marc:subfield code="2">Cadre de classement de la Bibliographie nationale française</marc:subfield></marc:datafield><marc:datafield tag="702" ind1=" " ind2=" "><marc:subfield code="3">11898277</marc:subfield><marc:subfield code="9">495</marc:subfield><marc:subfield code="o">ISNI0000000109236210</marc:subfield><marc:subfield code="a">Cuisenier</marc:subfield><marc:subfield code="b">Jean</marc:subfield><marc:subfield code="f">1927-....</marc:subfield><marc:subfield code="4">080</marc:subfield></marc:datafield><marc:datafield tag="801" ind1=" " ind2="0"><marc:subfield code="a">FR</marc:subfield><marc:subfield code="b">FR-751131015</marc:subfield><marc:subfield code="c">19970126</marc:subfield><marc:subfield code="g">AFNOR</marc:subfield><marc:subfield code="h">FRBNF362085930000002</marc:subfield><marc:subfield code="2">intermrc</marc:subfield></marc:datafield><marc:datafield tag="995" ind1=" " ind2=" "><marc:subfield code="0">0</marc:subfield><marc:subfield code="2">0</marc:subfield><marc:subfield code="4">0</marc:subfield><marc:subfield code="5">2005-03-22</marc:subfield><marc:subfield code="9">402</marc:subfield><marc:subfield code="b">MUS</marc:subfield><marc:subfield code="c">MUS</marc:subfield><marc:subfield code="e">MUS1A</marc:subfield><marc:subfield code="f">C9000003723</marc:subfield><marc:subfield code="h">M01</marc:subfield><marc:subfield code="k">391 MIL</marc:subfield><marc:subfield code="o">2</marc:subfield><marc:subfield code="r">PRETLIV</marc:subfield><marc:subfield code="s">391_000000000000000_MIL</marc:subfield><marc:subfield code="y">2014-06-30</marc:subfield></marc:datafield><marc:datafield tag="995" ind1=" " ind2=" "><marc:subfield code="0">0</marc:subfield><marc:subfield code="2">0</marc:subfield><marc:subfield code="4">0</marc:subfield><marc:subfield code="5">2005-03-22</marc:subfield><marc:subfield code="9">403</marc:subfield><marc:subfield code="P">304.90</marc:subfield><marc:subfield code="b">MED</marc:subfield><marc:subfield code="c">MED</marc:subfield><marc:subfield code="e">MED3E</marc:subfield><marc:subfield code="f">C0002216267</marc:subfield><marc:subfield code="h">AZZMAZZ</marc:subfield><marc:subfield code="k">Mag. in-8/40 716</marc:subfield><marc:subfield code="o">0</marc:subfield><marc:subfield code="p">304.90</marc:subfield><marc:subfield code="r">PRETLIV</marc:subfield><marc:subfield code="s">MAG___IN840_716_00000000000000</marc:subfield><marc:subfield code="w">5</marc:subfield><marc:subfield code="y">2016-07-26</marc:subfield></marc:datafield></marc:record>