<marc:record><marc:leader>01244na  a2200325   4500</marc:leader><marc:controlfield tag="001">303</marc:controlfield><marc:controlfield tag="003">http://www.mediathequederoubaix.fr/ark:/20179/KH303</marc:controlfield><marc:controlfield tag="005">20180720164830.0</marc:controlfield><marc:datafield tag="010" ind1=" " ind2=" "><marc:subfield code="a">2-86253-016-6</marc:subfield></marc:datafield><marc:datafield tag="033" ind1=" " ind2=" "><marc:subfield code="a">http://catalogue.bnf.fr/ark:/12148/cb35595681g</marc:subfield></marc:datafield><marc:datafield tag="035" ind1="0" ind2="0"><marc:subfield code="a">HZ_RBX704</marc:subfield></marc:datafield><marc:datafield tag="090" ind1=" " ind2=" "><marc:subfield code="a">303</marc:subfield></marc:datafield><marc:datafield tag="091" ind1=" " ind2=" "><marc:subfield code="a">0</marc:subfield></marc:datafield><marc:datafield tag="099" ind1=" " ind2=" "><marc:subfield code="t">LI</marc:subfield><marc:subfield code="c">2014-06-30</marc:subfield><marc:subfield code="d">2014-06-30</marc:subfield><marc:subfield code="x">1</marc:subfield></marc:datafield><marc:datafield tag="100" ind1=" " ind2=" "><marc:subfield code="a">19       1992    k  y0frey5003    ba</marc:subfield></marc:datafield><marc:datafield tag="101" ind1=" " ind2=" "><marc:subfield code="a">fre</marc:subfield></marc:datafield><marc:datafield tag="200" ind1=" " ind2=" "><marc:subfield code="a">Picardie</marc:subfield><marc:subfield code="f">Jean Estienne, Yvon Brohard, Jean-François Leblond[et al]</marc:subfield></marc:datafield><marc:datafield tag="205" ind1=" " ind2=" "><marc:subfield code="a">Troisième éd. rev. et corr.</marc:subfield></marc:datafield><marc:datafield tag="210" ind1=" " ind2=" "><marc:subfield code="a">Paris</marc:subfield><marc:subfield code="c">C. Bonneton</marc:subfield><marc:subfield code="d">1992</marc:subfield></marc:datafield><marc:datafield tag="215" ind1=" " ind2=" "><marc:subfield code="a">431 p.</marc:subfield><marc:subfield code="c">ill. en noir et en coul., couv. ill. en coul.</marc:subfield><marc:subfield code="d">24 cm</marc:subfield></marc:datafield><marc:datafield tag="300" ind1=" " ind2=" "><marc:subfield code="a">Bibliogr. Index</marc:subfield></marc:datafield><marc:datafield tag="339" ind1=" " ind2=" "><marc:subfield code="a">m</marc:subfield></marc:datafield><marc:datafield tag="607" ind1=" " ind2=" "><marc:subfield code="9">13895</marc:subfield><marc:subfield code="7">ba0yba0y</marc:subfield><marc:subfield code="8">fre   </marc:subfield><marc:subfield code="a">Picardie (France)</marc:subfield></marc:datafield><marc:datafield tag="676" ind1=" " ind2=" "><marc:subfield code="a">944</marc:subfield></marc:datafield><marc:datafield tag="700" ind1="0" ind2=" "><marc:subfield code="9">284996</marc:subfield><marc:subfield code="a">Estienne</marc:subfield><marc:subfield code="b">Jean</marc:subfield><marc:subfield code="f">1923-2018</marc:subfield></marc:datafield><marc:datafield tag="701" ind1="0" ind2=" "><marc:subfield code="9">111733</marc:subfield><marc:subfield code="7">ba0yba0y</marc:subfield><marc:subfield code="8">fre   </marc:subfield><marc:subfield code="a">Brohard</marc:subfield><marc:subfield code="b">Yvan</marc:subfield></marc:datafield><marc:datafield tag="701" ind1="0" ind2=" "><marc:subfield code="9">278997</marc:subfield><marc:subfield code="a">Leblond</marc:subfield><marc:subfield code="b">Jean-François</marc:subfield></marc:datafield><marc:datafield tag="801" ind1=" " ind2="0"><marc:subfield code="a">FR</marc:subfield><marc:subfield code="b">595126101</marc:subfield><marc:subfield code="c">20070828</marc:subfield><marc:subfield code="g">AFNOR</marc:subfield></marc:datafield><marc:datafield tag="930" ind1=" " ind2=" "><marc:subfield code="5">595126101:C0000264565</marc:subfield><marc:subfield code="b">595126101</marc:subfield><marc:subfield code="a">FR/944 PIC</marc:subfield><marc:subfield code="e">Fonds régional de prêt</marc:subfield></marc:datafield><marc:datafield tag="995" ind1=" " ind2=" "><marc:subfield code="0">0</marc:subfield><marc:subfield code="2">0</marc:subfield><marc:subfield code="4">0</marc:subfield><marc:subfield code="5">2005-03-22</marc:subfield><marc:subfield code="9">405</marc:subfield><marc:subfield code="P">30.49</marc:subfield><marc:subfield code="b">MED</marc:subfield><marc:subfield code="c">MED</marc:subfield><marc:subfield code="e">MED0C</marc:subfield><marc:subfield code="f">C0000264565</marc:subfield><marc:subfield code="h">PRRRGZZ</marc:subfield><marc:subfield code="k">FR/944 PIC</marc:subfield><marc:subfield code="o">0</marc:subfield><marc:subfield code="p">30.49</marc:subfield><marc:subfield code="r">PRETLIV</marc:subfield><marc:subfield code="s">FR_944_000000000000000_PIC</marc:subfield><marc:subfield code="w">11</marc:subfield><marc:subfield code="y">2015-12-17</marc:subfield></marc:datafield></marc:record>