<marc:record><marc:leader>01550nam  2200361   4500</marc:leader><marc:controlfield tag="001">304</marc:controlfield><marc:controlfield tag="003">http://www.mediathequederoubaix.fr/ark:/20179/KH304</marc:controlfield><marc:datafield tag="010" ind1=" " ind2=" "><marc:subfield code="a">2-86253-110-3</marc:subfield></marc:datafield><marc:datafield tag="020" ind1=" " ind2=" "><marc:subfield code="a">FR</marc:subfield><marc:subfield code="b">09124908</marc:subfield></marc:datafield><marc:datafield tag="021" ind1=" " ind2=" "><marc:subfield code="a">FR</marc:subfield><marc:subfield code="b">DL 91-17043</marc:subfield></marc:datafield><marc:datafield tag="033" ind1=" " ind2=" "><marc:subfield code="a">http://catalogue.bnf.fr/ark:/12148/cb354619790</marc:subfield></marc:datafield><marc:datafield tag="035" ind1=" " ind2=" "><marc:subfield code="a">FRBNF354619790000009</marc:subfield></marc:datafield><marc:datafield tag="039" ind1=" " ind2=" "><marc:subfield code="o">OPL</marc:subfield><marc:subfield code="a">013275765</marc:subfield></marc:datafield><marc:datafield tag="090" ind1=" " ind2=" "><marc:subfield code="a">304</marc:subfield></marc:datafield><marc:datafield tag="091" ind1=" " ind2=" "><marc:subfield code="b">20180701</marc:subfield><marc:subfield code="c">1</marc:subfield><marc:subfield code="a">2</marc:subfield></marc:datafield><marc:datafield tag="099" ind1=" " ind2=" "><marc:subfield code="t">LI</marc:subfield><marc:subfield code="c">2014-06-30</marc:subfield><marc:subfield code="d">2014-06-30</marc:subfield><marc:subfield code="x">0</marc:subfield></marc:datafield><marc:datafield tag="100" ind1=" " ind2=" "><marc:subfield code="a">19910905d1991    m  y0frey50      ba</marc:subfield></marc:datafield><marc:datafield tag="101" ind1="0" ind2=" "><marc:subfield code="a">fre</marc:subfield></marc:datafield><marc:datafield tag="102" ind1=" " ind2=" "><marc:subfield code="a">FR</marc:subfield></marc:datafield><marc:datafield tag="105" ind1=" " ind2=" "><marc:subfield code="a">||||e   00|y|</marc:subfield></marc:datafield><marc:datafield tag="106" ind1=" " ind2=" "><marc:subfield code="a">r</marc:subfield></marc:datafield><marc:datafield tag="200" ind1="1" ind2=" "><marc:subfield code="a">Dictionnaire du français régional du Nord-Pas-de-Calais</marc:subfield><marc:subfield code="b">Texte imprimé</marc:subfield><marc:subfield code="f">Fernand Carton, Denise Poulet</marc:subfield></marc:datafield><marc:datafield tag="210" ind1=" " ind2=" "><marc:subfield code="a">Paris</marc:subfield><marc:subfield code="c">Éd. Bonneton</marc:subfield><marc:subfield code="d">1991</marc:subfield><marc:subfield code="e">14-Condé-sur-Noireau</marc:subfield><marc:subfield code="g">Impr. Corlet</marc:subfield></marc:datafield><marc:datafield tag="215" ind1=" " ind2=" "><marc:subfield code="a">125 p.</marc:subfield><marc:subfield code="d">19 cm</marc:subfield></marc:datafield><marc:datafield tag="300" ind1=" " ind2=" "><marc:subfield code="a">Bibliogr. p. 123-125</marc:subfield></marc:datafield><marc:datafield tag="339" ind1=" " ind2=" "><marc:subfield code="a">m</marc:subfield></marc:datafield><marc:datafield tag="606" ind1=" " ind2=" "><marc:subfield code="3">11931518</marc:subfield><marc:subfield code="9">42029</marc:subfield><marc:subfield code="a">Français (langue)</marc:subfield><marc:subfield code="x">Régionalismes (linguistique)</marc:subfield><marc:subfield code="3">11931476</marc:subfield><marc:subfield code="9">109</marc:subfield><marc:subfield code="y">France</marc:subfield><marc:subfield code="3">11935644</marc:subfield><marc:subfield code="9">6990</marc:subfield><marc:subfield code="y">Nord-Pas-de-Calais (France)</marc:subfield><marc:subfield code="3">11931877</marc:subfield><marc:subfield code="9">2172</marc:subfield><marc:subfield code="x">Dictionnaires</marc:subfield><marc:subfield code="2">rameau</marc:subfield></marc:datafield><marc:datafield tag="676" ind1=" " ind2=" "><marc:subfield code="a">447.27</marc:subfield><marc:subfield code="v">22</marc:subfield></marc:datafield><marc:datafield tag="686" ind1=" " ind2=" "><marc:subfield code="a">80 </marc:subfield><marc:subfield code="2">Cadre de classement de la Bibliographie nationale française</marc:subfield></marc:datafield><marc:datafield tag="700" ind1=" " ind2=" "><marc:subfield code="3">11895379</marc:subfield><marc:subfield code="9">57467</marc:subfield><marc:subfield code="o">ISNI0000000121012850</marc:subfield><marc:subfield code="a">Carton</marc:subfield><marc:subfield code="b">Fernand</marc:subfield><marc:subfield code="f">1921-....</marc:subfield><marc:subfield code="4">070</marc:subfield></marc:datafield><marc:datafield tag="701" ind1=" " ind2=" "><marc:subfield code="3">12056808</marc:subfield><marc:subfield code="9">272962</marc:subfield><marc:subfield code="o">ISNI0000000028870746</marc:subfield><marc:subfield code="a">Poulet</marc:subfield><marc:subfield code="b">Denise</marc:subfield><marc:subfield code="4">070</marc:subfield></marc:datafield><marc:datafield tag="801" ind1=" " ind2="0"><marc:subfield code="a">FR</marc:subfield><marc:subfield code="b">FR-751131015</marc:subfield><marc:subfield code="c">19910905</marc:subfield><marc:subfield code="g">AFNOR</marc:subfield><marc:subfield code="h">FRBNF354619790000009</marc:subfield><marc:subfield code="2">intermrc</marc:subfield></marc:datafield><marc:datafield tag="995" ind1=" " ind2=" "><marc:subfield code="0">0</marc:subfield><marc:subfield code="2">0</marc:subfield><marc:subfield code="4">0</marc:subfield><marc:subfield code="5">2005-03-22</marc:subfield><marc:subfield code="9">406</marc:subfield><marc:subfield code="P">15.09</marc:subfield><marc:subfield code="b">MED</marc:subfield><marc:subfield code="c">MED</marc:subfield><marc:subfield code="e">MED2B</marc:subfield><marc:subfield code="f">C0002672510</marc:subfield><marc:subfield code="h">ACFUEZZ</marc:subfield><marc:subfield code="k">U ETUD FR/447 CAR</marc:subfield><marc:subfield code="o">2</marc:subfield><marc:subfield code="p">15.09</marc:subfield><marc:subfield code="r">PRETLIV</marc:subfield><marc:subfield code="s">U_ETUD_FR447_CAR</marc:subfield><marc:subfield code="y">2014-06-30</marc:subfield></marc:datafield></marc:record>