<marc:record><marc:leader>01291nam a2200325   4500</marc:leader><marc:controlfield tag="001">322</marc:controlfield><marc:controlfield tag="003">http://www.mediathequederoubaix.fr/ark:/20179/KH322</marc:controlfield><marc:controlfield tag="005">20170518114243.0</marc:controlfield><marc:datafield tag="010" ind1=" " ind2=" "><marc:subfield code="a">2-258-03742-5</marc:subfield></marc:datafield><marc:datafield tag="033" ind1=" " ind2=" "><marc:subfield code="a">http://catalogue.bnf.fr/ark:/12148/cb355699929</marc:subfield></marc:datafield><marc:datafield tag="035" ind1="0" ind2="0"><marc:subfield code="a">HZ_RBX742</marc:subfield></marc:datafield><marc:datafield tag="090" ind1=" " ind2=" "><marc:subfield code="a">322</marc:subfield></marc:datafield><marc:datafield tag="091" ind1=" " ind2=" "><marc:subfield code="a">0</marc:subfield></marc:datafield><marc:datafield tag="099" ind1=" " ind2=" "><marc:subfield code="t">LI</marc:subfield><marc:subfield code="c">2014-06-30</marc:subfield><marc:subfield code="d">2014-06-30</marc:subfield><marc:subfield code="x">0</marc:subfield></marc:datafield><marc:datafield tag="100" ind1=" " ind2=" "><marc:subfield code="a">19       1993    k  y0frey5003    ba</marc:subfield></marc:datafield><marc:datafield tag="101" ind1=" " ind2=" "><marc:subfield code="a">fre</marc:subfield></marc:datafield><marc:datafield tag="200" ind1=" " ind2=" "><marc:subfield code="a">Gens du Nord</marc:subfield><marc:subfield code="f">Maxence Van Der Meersch</marc:subfield><marc:subfield code="g">préf. de Jacques Duquesne</marc:subfield></marc:datafield><marc:datafield tag="210" ind1=" " ind2=" "><marc:subfield code="a">Paris</marc:subfield><marc:subfield code="c">Presses de la Cité</marc:subfield><marc:subfield code="d">1993</marc:subfield></marc:datafield><marc:datafield tag="215" ind1=" " ind2=" "><marc:subfield code="a">1220 p.</marc:subfield><marc:subfield code="c">couv. ill.</marc:subfield><marc:subfield code="d">20 cm</marc:subfield></marc:datafield><marc:datafield tag="225" ind1="0" ind2=" "><marc:subfield code="a">Omnibus</marc:subfield></marc:datafield><marc:datafield tag="327" ind1=" " ind2=" "><marc:subfield code="a">La maison dans la dune</marc:subfield><marc:subfield code="a">Quand les sirènes se taisent</marc:subfield><marc:subfield code="a">Invasion 14</marc:subfield><marc:subfield code="a">L&apos;Empreinte du dieu</marc:subfield><marc:subfield code="a">La fille pauvre</marc:subfield></marc:datafield><marc:datafield tag="339" ind1=" " ind2=" "><marc:subfield code="a">m</marc:subfield></marc:datafield><marc:datafield tag="410" ind1=" " ind2=" "><marc:subfield code="t">Omnibus</marc:subfield></marc:datafield><marc:datafield tag="607" ind1=" " ind2=" "><marc:subfield code="9">141029</marc:subfield><marc:subfield code="a">Nord (France)</marc:subfield><marc:subfield code="x">Roman</marc:subfield></marc:datafield><marc:datafield tag="607" ind1=" " ind2=" "><marc:subfield code="9">141026</marc:subfield><marc:subfield code="a">Roubaix (Nord)</marc:subfield><marc:subfield code="x">Roman</marc:subfield></marc:datafield><marc:datafield tag="700" ind1="0" ind2=" "><marc:subfield code="9">147165</marc:subfield><marc:subfield code="a">Van der Meersch</marc:subfield><marc:subfield code="b">Maxence</marc:subfield><marc:subfield code="c">roubaisien</marc:subfield><marc:subfield code="f">1907-1951</marc:subfield></marc:datafield><marc:datafield tag="702" ind1="0" ind2=" "><marc:subfield code="9">33173</marc:subfield><marc:subfield code="4">080</marc:subfield><marc:subfield code="7">ba0yba0y</marc:subfield><marc:subfield code="8">fre   </marc:subfield><marc:subfield code="a">Duquesne</marc:subfield><marc:subfield code="b">Jacques</marc:subfield><marc:subfield code="f">1930-....</marc:subfield></marc:datafield><marc:datafield tag="801" ind1=" " ind2="0"><marc:subfield code="a">FR</marc:subfield><marc:subfield code="b">595126101</marc:subfield><marc:subfield code="c">20120406</marc:subfield><marc:subfield code="g">AFNOR</marc:subfield></marc:datafield><marc:datafield tag="930" ind1=" " ind2=" "><marc:subfield code="5">595126101:C0000147357</marc:subfield><marc:subfield code="b">595126101</marc:subfield><marc:subfield code="a">RES 8/472</marc:subfield><marc:subfield code="e">Fonds patrimonial</marc:subfield></marc:datafield><marc:datafield tag="995" ind1=" " ind2=" "><marc:subfield code="0">0</marc:subfield><marc:subfield code="2">0</marc:subfield><marc:subfield code="4">0</marc:subfield><marc:subfield code="5">2005-03-22</marc:subfield><marc:subfield code="9">424</marc:subfield><marc:subfield code="P">20.58</marc:subfield><marc:subfield code="b">MED</marc:subfield><marc:subfield code="c">MED</marc:subfield><marc:subfield code="e">MED3O</marc:subfield><marc:subfield code="f">C0000147357</marc:subfield><marc:subfield code="h">PPEFGZZ</marc:subfield><marc:subfield code="k">RES 8/472</marc:subfield><marc:subfield code="o">2</marc:subfield><marc:subfield code="p">20.58</marc:subfield><marc:subfield code="r">PRETLIV</marc:subfield><marc:subfield code="s">RES_8472_000000000000000</marc:subfield><marc:subfield code="y">2014-06-30</marc:subfield></marc:datafield></marc:record>