<marc:record><marc:leader>01480nam  2200373   4500</marc:leader><marc:controlfield tag="001">334</marc:controlfield><marc:controlfield tag="003">http://www.mediathequederoubaix.fr/ark:/20179/KH334</marc:controlfield><marc:datafield tag="010" ind1=" " ind2=" "><marc:subfield code="a">2-264-01752-X</marc:subfield></marc:datafield><marc:datafield tag="020" ind1=" " ind2=" "><marc:subfield code="a">FR</marc:subfield><marc:subfield code="b">09321587</marc:subfield></marc:datafield><marc:datafield tag="021" ind1=" " ind2=" "><marc:subfield code="a">FR</marc:subfield><marc:subfield code="b">DL 93-15194</marc:subfield></marc:datafield><marc:datafield tag="033" ind1=" " ind2=" "><marc:subfield code="a">http://catalogue.bnf.fr/ark:/12148/cb355759827</marc:subfield></marc:datafield><marc:datafield tag="035" ind1=" " ind2=" "><marc:subfield code="a">FRBNF355759820000009</marc:subfield></marc:datafield><marc:datafield tag="039" ind1=" " ind2=" "><marc:subfield code="o">OPL</marc:subfield><marc:subfield code="a">01530702X</marc:subfield></marc:datafield><marc:datafield tag="090" ind1=" " ind2=" "><marc:subfield code="a">334</marc:subfield></marc:datafield><marc:datafield tag="091" ind1=" " ind2=" "><marc:subfield code="b">20180701</marc:subfield><marc:subfield code="c">1</marc:subfield><marc:subfield code="a">2</marc:subfield></marc:datafield><marc:datafield tag="099" ind1=" " ind2=" "><marc:subfield code="t">LI</marc:subfield><marc:subfield code="c">2014-06-30</marc:subfield><marc:subfield code="d">2014-06-30</marc:subfield><marc:subfield code="x">2</marc:subfield></marc:datafield><marc:datafield tag="100" ind1=" " ind2=" "><marc:subfield code="a">19930625d1993    m  y0frey50      ba</marc:subfield></marc:datafield><marc:datafield tag="101" ind1="1" ind2=" "><marc:subfield code="a">fre</marc:subfield><marc:subfield code="c">eng</marc:subfield></marc:datafield><marc:datafield tag="102" ind1=" " ind2=" "><marc:subfield code="a">FR</marc:subfield></marc:datafield><marc:datafield tag="105" ind1=" " ind2=" "><marc:subfield code="a">||||z   00|a|</marc:subfield></marc:datafield><marc:datafield tag="106" ind1=" " ind2=" "><marc:subfield code="a">r</marc:subfield></marc:datafield><marc:datafield tag="200" ind1="1" ind2=" "><marc:subfield code="a">Le jour où le rabbin a démissionné</marc:subfield><marc:subfield code="b">Texte imprimé</marc:subfield><marc:subfield code="f">par Harry Kemelman</marc:subfield><marc:subfield code="g">trad. de l&apos;anglais par Lazare Rabineau</marc:subfield></marc:datafield><marc:datafield tag="210" ind1=" " ind2=" "><marc:subfield code="a">Paris</marc:subfield><marc:subfield code="c">UGE</marc:subfield><marc:subfield code="d">1993</marc:subfield><marc:subfield code="e">Impr. en Grande-Bretagne</marc:subfield></marc:datafield><marc:datafield tag="215" ind1=" " ind2=" "><marc:subfield code="a">318 p.</marc:subfield><marc:subfield code="c">couv. ill.</marc:subfield><marc:subfield code="d">18 cm</marc:subfield></marc:datafield><marc:datafield tag="225" ind1=" " ind2=" "><marc:subfield code="a">Grands détectives</marc:subfield></marc:datafield><marc:datafield tag="308" ind1=" " ind2=" "><marc:subfield code="a">Collection principale : Collection principale : 10-182357</marc:subfield></marc:datafield><marc:datafield tag="339" ind1=" " ind2=" "><marc:subfield code="a">m</marc:subfield></marc:datafield><marc:datafield tag="410" ind1=" " ind2="0"><marc:subfield code="0">34227635</marc:subfield><marc:subfield code="t">10-18</marc:subfield><marc:subfield code="x">0240-2300</marc:subfield><marc:subfield code="v">2357</marc:subfield></marc:datafield><marc:datafield tag="454" ind1=" " ind2="1"><marc:subfield code="t">The day the rabbi resigned</marc:subfield></marc:datafield><marc:datafield tag="686" ind1=" " ind2=" "><marc:subfield code="a">823</marc:subfield><marc:subfield code="2">Cadre de classement de la Bibliographie nationale française</marc:subfield></marc:datafield><marc:datafield tag="700" ind1=" " ind2=" "><marc:subfield code="3">11909574</marc:subfield><marc:subfield code="9">537</marc:subfield><marc:subfield code="o">ISNI0000000109085096</marc:subfield><marc:subfield code="a">Kemelman</marc:subfield><marc:subfield code="b">Harry</marc:subfield><marc:subfield code="f">1908-1996</marc:subfield><marc:subfield code="4">070</marc:subfield></marc:datafield><marc:datafield tag="702" ind1=" " ind2=" "><marc:subfield code="3">12095509</marc:subfield><marc:subfield code="9">538</marc:subfield><marc:subfield code="o">ISNI0000000004485878</marc:subfield><marc:subfield code="a">Rabineau</marc:subfield><marc:subfield code="b">Lazare</marc:subfield><marc:subfield code="4">730</marc:subfield></marc:datafield><marc:datafield tag="801" ind1=" " ind2="0"><marc:subfield code="a">FR</marc:subfield><marc:subfield code="b">FR-751131015</marc:subfield><marc:subfield code="c">19930625</marc:subfield><marc:subfield code="g">AFNOR</marc:subfield><marc:subfield code="h">FRBNF355759820000009</marc:subfield><marc:subfield code="2">intermrc</marc:subfield></marc:datafield><marc:datafield tag="995" ind1=" " ind2=" "><marc:subfield code="0">0</marc:subfield><marc:subfield code="2">0</marc:subfield><marc:subfield code="4">0</marc:subfield><marc:subfield code="5">2005-03-22</marc:subfield><marc:subfield code="9">436</marc:subfield><marc:subfield code="P">7.01</marc:subfield><marc:subfield code="b">MED</marc:subfield><marc:subfield code="c">MED</marc:subfield><marc:subfield code="e">MED1A</marc:subfield><marc:subfield code="f">C0000245951</marc:subfield><marc:subfield code="h">ALTROPL</marc:subfield><marc:subfield code="k">RP/KEM</marc:subfield><marc:subfield code="o">0</marc:subfield><marc:subfield code="p">7.01</marc:subfield><marc:subfield code="r">PRETLIV</marc:subfield><marc:subfield code="s">RPKEM</marc:subfield><marc:subfield code="w">18</marc:subfield><marc:subfield code="y">2017-06-14</marc:subfield></marc:datafield></marc:record>