<marc:record><marc:leader>01137cam  2200313   4500</marc:leader><marc:controlfield tag="001">338</marc:controlfield><marc:controlfield tag="003">http://www.mediathequederoubaix.fr/ark:/20179/KH338</marc:controlfield><marc:datafield tag="010" ind1=" " ind2=" "><marc:subfield code="a">2-08-066874-9</marc:subfield></marc:datafield><marc:datafield tag="020" ind1=" " ind2=" "><marc:subfield code="a">FR</marc:subfield><marc:subfield code="b">09641703</marc:subfield></marc:datafield><marc:datafield tag="021" ind1=" " ind2=" "><marc:subfield code="a">FR</marc:subfield><marc:subfield code="b">DL IMPR</marc:subfield></marc:datafield><marc:datafield tag="033" ind1=" " ind2=" "><marc:subfield code="a">http://catalogue.bnf.fr/ark:/12148/cb356771386</marc:subfield></marc:datafield><marc:datafield tag="035" ind1=" " ind2=" "><marc:subfield code="a">FRBNF356771380000009</marc:subfield></marc:datafield><marc:datafield tag="039" ind1=" " ind2=" "><marc:subfield code="o">OPL</marc:subfield><marc:subfield code="a">017177119</marc:subfield></marc:datafield><marc:datafield tag="090" ind1=" " ind2=" "><marc:subfield code="a">338</marc:subfield></marc:datafield><marc:datafield tag="091" ind1=" " ind2=" "><marc:subfield code="b">20180701</marc:subfield><marc:subfield code="c">1</marc:subfield><marc:subfield code="a">2</marc:subfield></marc:datafield><marc:datafield tag="099" ind1=" " ind2=" "><marc:subfield code="t">LI</marc:subfield><marc:subfield code="c">2014-06-30</marc:subfield><marc:subfield code="d">2014-06-30</marc:subfield><marc:subfield code="x">0</marc:subfield></marc:datafield><marc:datafield tag="100" ind1=" " ind2=" "><marc:subfield code="a">19940316d1993    m  y0frey50      ba</marc:subfield></marc:datafield><marc:datafield tag="101" ind1="0" ind2=" "><marc:subfield code="a">fre</marc:subfield></marc:datafield><marc:datafield tag="102" ind1=" " ind2=" "><marc:subfield code="a">FR</marc:subfield></marc:datafield><marc:datafield tag="105" ind1=" " ind2=" "><marc:subfield code="a">||||z   00|a|</marc:subfield></marc:datafield><marc:datafield tag="106" ind1=" " ind2=" "><marc:subfield code="a">r</marc:subfield></marc:datafield><marc:datafield tag="200" ind1="1" ind2=" "><marc:subfield code="a">Je ne fais que passer</marc:subfield><marc:subfield code="b">Texte imprimé</marc:subfield><marc:subfield code="f">Claude Weill</marc:subfield></marc:datafield><marc:datafield tag="210" ind1=" " ind2=" "><marc:subfield code="a">[Paris]</marc:subfield><marc:subfield code="c">Flammarion</marc:subfield><marc:subfield code="d">1993</marc:subfield><marc:subfield code="e">18-Saint-Amand-Montrond</marc:subfield><marc:subfield code="g">Impr. SEPC</marc:subfield></marc:datafield><marc:datafield tag="215" ind1=" " ind2=" "><marc:subfield code="a">173 p.</marc:subfield><marc:subfield code="d">20 cm</marc:subfield></marc:datafield><marc:datafield tag="339" ind1=" " ind2=" "><marc:subfield code="a">m</marc:subfield></marc:datafield><marc:datafield tag="686" ind1=" " ind2=" "><marc:subfield code="a">823</marc:subfield><marc:subfield code="2">Cadre de classement de la Bibliographie nationale française</marc:subfield></marc:datafield><marc:datafield tag="700" ind1=" " ind2=" "><marc:subfield code="3">12111075</marc:subfield><marc:subfield code="9">541</marc:subfield><marc:subfield code="o">ISNI0000000073269036</marc:subfield><marc:subfield code="a">Weill</marc:subfield><marc:subfield code="b">Claude</marc:subfield><marc:subfield code="f">1951-....</marc:subfield><marc:subfield code="4">070</marc:subfield></marc:datafield><marc:datafield tag="801" ind1=" " ind2="0"><marc:subfield code="a">FR</marc:subfield><marc:subfield code="b">FR-751131015</marc:subfield><marc:subfield code="c">19940316</marc:subfield><marc:subfield code="g">AFNOR</marc:subfield><marc:subfield code="h">FRBNF356771380000009</marc:subfield><marc:subfield code="2">intermrc</marc:subfield></marc:datafield><marc:datafield tag="995" ind1=" " ind2=" "><marc:subfield code="0">0</marc:subfield><marc:subfield code="2">0</marc:subfield><marc:subfield code="4">0</marc:subfield><marc:subfield code="5">2005-03-22</marc:subfield><marc:subfield code="9">440</marc:subfield><marc:subfield code="P">12.04</marc:subfield><marc:subfield code="b">MED</marc:subfield><marc:subfield code="c">MED</marc:subfield><marc:subfield code="e">MED1A</marc:subfield><marc:subfield code="f">C0000247759</marc:subfield><marc:subfield code="h">ALTROZZ</marc:subfield><marc:subfield code="k">R/WEI</marc:subfield><marc:subfield code="o">0</marc:subfield><marc:subfield code="p">12.04</marc:subfield><marc:subfield code="r">PRETLIV</marc:subfield><marc:subfield code="s">RWEI</marc:subfield><marc:subfield code="w">2</marc:subfield><marc:subfield code="y">2016-08-06</marc:subfield></marc:datafield></marc:record>