<marc:record><marc:leader>01531nam  2200373   4500</marc:leader><marc:controlfield tag="001">339</marc:controlfield><marc:controlfield tag="003">http://www.mediathequederoubaix.fr/ark:/20179/KH339</marc:controlfield><marc:datafield tag="010" ind1=" " ind2=" "><marc:subfield code="a">2-259-02698-2</marc:subfield></marc:datafield><marc:datafield tag="020" ind1=" " ind2=" "><marc:subfield code="a">FR</marc:subfield><marc:subfield code="b">09323588</marc:subfield></marc:datafield><marc:datafield tag="021" ind1=" " ind2=" "><marc:subfield code="a">FR</marc:subfield><marc:subfield code="b">DL 93-11478</marc:subfield></marc:datafield><marc:datafield tag="033" ind1=" " ind2=" "><marc:subfield code="a">http://catalogue.bnf.fr/ark:/12148/cb36664374t</marc:subfield></marc:datafield><marc:datafield tag="035" ind1=" " ind2=" "><marc:subfield code="a">FRBNF366643740000000</marc:subfield></marc:datafield><marc:datafield tag="039" ind1=" " ind2=" "><marc:subfield code="o">OPL</marc:subfield><marc:subfield code="a">015254093</marc:subfield></marc:datafield><marc:datafield tag="090" ind1=" " ind2=" "><marc:subfield code="a">339</marc:subfield></marc:datafield><marc:datafield tag="091" ind1=" " ind2=" "><marc:subfield code="b">20180701</marc:subfield><marc:subfield code="c">1</marc:subfield><marc:subfield code="a">2</marc:subfield></marc:datafield><marc:datafield tag="099" ind1=" " ind2=" "><marc:subfield code="t">LI</marc:subfield><marc:subfield code="c">2014-06-30</marc:subfield><marc:subfield code="d">2014-06-30</marc:subfield><marc:subfield code="x">3</marc:subfield></marc:datafield><marc:datafield tag="100" ind1=" " ind2=" "><marc:subfield code="a">19930615d1993    m  y0frey50      ba</marc:subfield></marc:datafield><marc:datafield tag="101" ind1="0" ind2=" "><marc:subfield code="a">fre</marc:subfield></marc:datafield><marc:datafield tag="102" ind1=" " ind2=" "><marc:subfield code="a">FR</marc:subfield></marc:datafield><marc:datafield tag="105" ind1=" " ind2=" "><marc:subfield code="a">a   z   00|y|</marc:subfield></marc:datafield><marc:datafield tag="106" ind1=" " ind2=" "><marc:subfield code="a">r</marc:subfield></marc:datafield><marc:datafield tag="200" ind1="1" ind2=" "><marc:subfield code="a">Les Grands Moghols</marc:subfield><marc:subfield code="b">Texte imprimé</marc:subfield><marc:subfield code="e">splendeur et chute</marc:subfield><marc:subfield code="e">1526-1707</marc:subfield><marc:subfield code="f">André Clot</marc:subfield></marc:datafield><marc:datafield tag="210" ind1=" " ind2=" "><marc:subfield code="a">Paris</marc:subfield><marc:subfield code="c">Plon</marc:subfield><marc:subfield code="d">1993</marc:subfield><marc:subfield code="e">27-Mesnil-sur-l&apos;Estrée</marc:subfield><marc:subfield code="g">Impr. Firmin-Didot</marc:subfield></marc:datafield><marc:datafield tag="215" ind1=" " ind2=" "><marc:subfield code="a">301 p.</marc:subfield><marc:subfield code="c">carte, couv. ill. en coul.</marc:subfield><marc:subfield code="d">23 cm</marc:subfield></marc:datafield><marc:datafield tag="300" ind1=" " ind2=" "><marc:subfield code="a">Bibliogr. p. 295-297</marc:subfield></marc:datafield><marc:datafield tag="339" ind1=" " ind2=" "><marc:subfield code="a">m</marc:subfield></marc:datafield><marc:datafield tag="600" ind1=" " ind2=" "><marc:subfield code="3">12321611</marc:subfield><marc:subfield code="9">542</marc:subfield><marc:subfield code="a"> Moghols </marc:subfield><marc:subfield code="c"> dynastie</marc:subfield><marc:subfield code="3">11935764</marc:subfield><marc:subfield code="9">107</marc:subfield><marc:subfield code="x">Biographies</marc:subfield><marc:subfield code="2">rameau</marc:subfield></marc:datafield><marc:datafield tag="607" ind1=" " ind2=" "><marc:subfield code="3">12070587</marc:subfield><marc:subfield code="9">543</marc:subfield><marc:subfield code="a">Empire moghol</marc:subfield><marc:subfield code="x">Histoire</marc:subfield><marc:subfield code="2">rameau</marc:subfield></marc:datafield><marc:datafield tag="607" ind1=" " ind2=" "><marc:subfield code="3">11940148</marc:subfield><marc:subfield code="9">544</marc:subfield><marc:subfield code="a">Empire moghol</marc:subfield><marc:subfield code="3">13319049</marc:subfield><marc:subfield code="9">545</marc:subfield><marc:subfield code="x">Civilisation</marc:subfield><marc:subfield code="2">rameau</marc:subfield></marc:datafield><marc:datafield tag="676" ind1=" " ind2=" "><marc:subfield code="a">954.025</marc:subfield><marc:subfield code="v">22</marc:subfield></marc:datafield><marc:datafield tag="686" ind1=" " ind2=" "><marc:subfield code="a">92 </marc:subfield><marc:subfield code="2">Cadre de classement de la Bibliographie nationale française</marc:subfield></marc:datafield><marc:datafield tag="700" ind1=" " ind2=" "><marc:subfield code="3">11897096</marc:subfield><marc:subfield code="9">272965</marc:subfield><marc:subfield code="o">ISNI0000000108848813</marc:subfield><marc:subfield code="a">Clot</marc:subfield><marc:subfield code="b">André</marc:subfield><marc:subfield code="f">19..-2002</marc:subfield><marc:subfield code="4">070</marc:subfield></marc:datafield><marc:datafield tag="801" ind1=" " ind2="0"><marc:subfield code="a">FR</marc:subfield><marc:subfield code="b">FR-751131015</marc:subfield><marc:subfield code="c">19930615</marc:subfield><marc:subfield code="g">AFNOR</marc:subfield><marc:subfield code="h">FRBNF366643740000000</marc:subfield><marc:subfield code="2">intermrc</marc:subfield></marc:datafield><marc:datafield tag="995" ind1=" " ind2=" "><marc:subfield code="0">0</marc:subfield><marc:subfield code="2">0</marc:subfield><marc:subfield code="4">0</marc:subfield><marc:subfield code="5">2005-03-22</marc:subfield><marc:subfield code="9">441</marc:subfield><marc:subfield code="P">19.82</marc:subfield><marc:subfield code="b">MED</marc:subfield><marc:subfield code="c">MED</marc:subfield><marc:subfield code="e">MED3A</marc:subfield><marc:subfield code="f">C0000220105</marc:subfield><marc:subfield code="h">ACFHSZZ</marc:subfield><marc:subfield code="k">Doc./954.02 CLO</marc:subfield><marc:subfield code="o">0</marc:subfield><marc:subfield code="p">19.82</marc:subfield><marc:subfield code="r">PRETLIV</marc:subfield><marc:subfield code="s">DOC__954_020000000000000_CLO</marc:subfield><marc:subfield code="w">15</marc:subfield><marc:subfield code="y">2018-01-04</marc:subfield></marc:datafield></marc:record>