<marc:record><marc:leader>01842nam  2200445   4500</marc:leader><marc:controlfield tag="001">361</marc:controlfield><marc:controlfield tag="003">http://www.mediathequederoubaix.fr/ark:/20179/KH361</marc:controlfield><marc:datafield tag="010" ind1=" " ind2=" "><marc:subfield code="a">2-228-88630-0</marc:subfield></marc:datafield><marc:datafield tag="020" ind1=" " ind2=" "><marc:subfield code="a">FR</marc:subfield><marc:subfield code="b">09644423</marc:subfield></marc:datafield><marc:datafield tag="021" ind1=" " ind2=" "><marc:subfield code="a">FR</marc:subfield><marc:subfield code="b">DL 96-39559</marc:subfield></marc:datafield><marc:datafield tag="033" ind1=" " ind2=" "><marc:subfield code="a">http://catalogue.bnf.fr/ark:/12148/cb35766971z</marc:subfield></marc:datafield><marc:datafield tag="035" ind1=" " ind2=" "><marc:subfield code="a">FRBNF357669710000001</marc:subfield></marc:datafield><marc:datafield tag="039" ind1=" " ind2=" "><marc:subfield code="o">OPL</marc:subfield><marc:subfield code="a">020054692</marc:subfield></marc:datafield><marc:datafield tag="039" ind1=" " ind2=" "><marc:subfield code="o">OPP</marc:subfield><marc:subfield code="a">37411394</marc:subfield><marc:subfield code="d">20100617</marc:subfield></marc:datafield><marc:datafield tag="090" ind1=" " ind2=" "><marc:subfield code="a">361</marc:subfield></marc:datafield><marc:datafield tag="091" ind1=" " ind2=" "><marc:subfield code="b">20180701</marc:subfield><marc:subfield code="c">1</marc:subfield><marc:subfield code="a">2</marc:subfield></marc:datafield><marc:datafield tag="099" ind1=" " ind2=" "><marc:subfield code="t">LI</marc:subfield><marc:subfield code="c">2014-06-30</marc:subfield><marc:subfield code="d">2014-06-30</marc:subfield><marc:subfield code="x">0</marc:subfield></marc:datafield><marc:datafield tag="100" ind1=" " ind2=" "><marc:subfield code="a">19950728d1993    m  y0frey50      ba</marc:subfield></marc:datafield><marc:datafield tag="101" ind1="0" ind2=" "><marc:subfield code="a">fre</marc:subfield></marc:datafield><marc:datafield tag="102" ind1=" " ind2=" "><marc:subfield code="a">FR</marc:subfield></marc:datafield><marc:datafield tag="105" ind1=" " ind2=" "><marc:subfield code="a">a   z   00|y|</marc:subfield></marc:datafield><marc:datafield tag="106" ind1=" " ind2=" "><marc:subfield code="a">r</marc:subfield></marc:datafield><marc:datafield tag="200" ind1="1" ind2=" "><marc:subfield code="a">Atlas des empires</marc:subfield><marc:subfield code="b">Texte imprimé</marc:subfield><marc:subfield code="e">de Babylone à la Russie soviétique</marc:subfield><marc:subfield code="f">Gérard Chaliand, Jean-Pierre Rageau</marc:subfield><marc:subfield code="g">cartogr., Catherine Petit</marc:subfield></marc:datafield><marc:datafield tag="210" ind1=" " ind2=" "><marc:subfield code="a">Paris</marc:subfield><marc:subfield code="c">Payot</marc:subfield><marc:subfield code="d">1993</marc:subfield></marc:datafield><marc:datafield tag="215" ind1=" " ind2=" "><marc:subfield code="a">1 vol. (95 p.)</marc:subfield><marc:subfield code="c">cartes, couv. ill. en coul.</marc:subfield><marc:subfield code="d">18 x 22 cm</marc:subfield></marc:datafield><marc:datafield tag="225" ind1=" " ind2=" "><marc:subfield code="a">Documents Payot</marc:subfield></marc:datafield><marc:datafield tag="300" ind1=" " ind2=" "><marc:subfield code="a">Index</marc:subfield></marc:datafield><marc:datafield tag="339" ind1=" " ind2=" "><marc:subfield code="a">m</marc:subfield></marc:datafield><marc:datafield tag="410" ind1=" " ind2="0"><marc:subfield code="0">34249977</marc:subfield><marc:subfield code="t">Documents Payot</marc:subfield><marc:subfield code="x">0993-4634</marc:subfield><marc:subfield code="d">1993</marc:subfield></marc:datafield><marc:datafield tag="606" ind1=" " ind2=" "><marc:subfield code="3">12005890</marc:subfield><marc:subfield code="9">594</marc:subfield><marc:subfield code="a">Grandes puissances</marc:subfield><marc:subfield code="3">11931529</marc:subfield><marc:subfield code="9">595</marc:subfield><marc:subfield code="x">Géographie historique</marc:subfield><marc:subfield code="x">Cartes</marc:subfield><marc:subfield code="2">rameau</marc:subfield></marc:datafield><marc:datafield tag="606" ind1=" " ind2=" "><marc:subfield code="3">11931529</marc:subfield><marc:subfield code="9">595</marc:subfield><marc:subfield code="a">Géographie historique</marc:subfield><marc:subfield code="x">Cartes</marc:subfield><marc:subfield code="2">rameau</marc:subfield></marc:datafield><marc:datafield tag="606" ind1=" " ind2=" "><marc:subfield code="3">11934222</marc:subfield><marc:subfield code="9">596</marc:subfield><marc:subfield code="a">Histoire universelle</marc:subfield><marc:subfield code="3">11952385</marc:subfield><marc:subfield code="9">597</marc:subfield><marc:subfield code="x">Cartes</marc:subfield><marc:subfield code="2">rameau</marc:subfield></marc:datafield><marc:datafield tag="676" ind1=" " ind2=" "><marc:subfield code="a">909</marc:subfield><marc:subfield code="v">22</marc:subfield></marc:datafield><marc:datafield tag="676" ind1=" " ind2=" "><marc:subfield code="a">911</marc:subfield><marc:subfield code="v">22</marc:subfield></marc:datafield><marc:datafield tag="686" ind1=" " ind2=" "><marc:subfield code="a">93</marc:subfield><marc:subfield code="2">Cadre de classement de la Bibliographie nationale française</marc:subfield></marc:datafield><marc:datafield tag="700" ind1=" " ind2=" "><marc:subfield code="3">11895902</marc:subfield><marc:subfield code="9">598</marc:subfield><marc:subfield code="a">Chaliand</marc:subfield><marc:subfield code="b">Gérard</marc:subfield><marc:subfield code="f">1934-....</marc:subfield><marc:subfield code="4">070</marc:subfield></marc:datafield><marc:datafield tag="701" ind1=" " ind2=" "><marc:subfield code="3">11921020</marc:subfield><marc:subfield code="9">599</marc:subfield><marc:subfield code="a">Rageau</marc:subfield><marc:subfield code="b">Jean-Pierre</marc:subfield><marc:subfield code="4">070</marc:subfield></marc:datafield><marc:datafield tag="702" ind1=" " ind2=" "><marc:subfield code="3">12129572</marc:subfield><marc:subfield code="9">600</marc:subfield><marc:subfield code="a">Petit</marc:subfield><marc:subfield code="b">Catherine</marc:subfield><marc:subfield code="f">1961-....</marc:subfield><marc:subfield code="4">440</marc:subfield></marc:datafield><marc:datafield tag="801" ind1=" " ind2="0"><marc:subfield code="a">FR</marc:subfield><marc:subfield code="b">FR-751131015</marc:subfield><marc:subfield code="c">19950728</marc:subfield><marc:subfield code="g">AFNOR</marc:subfield><marc:subfield code="h">FRBNF357669710000001</marc:subfield><marc:subfield code="2">intermrc</marc:subfield></marc:datafield><marc:datafield tag="995" ind1=" " ind2=" "><marc:subfield code="0">0</marc:subfield><marc:subfield code="2">2</marc:subfield><marc:subfield code="4">0</marc:subfield><marc:subfield code="5">2005-03-22</marc:subfield><marc:subfield code="9">463</marc:subfield><marc:subfield code="P">15.24</marc:subfield><marc:subfield code="b">MED</marc:subfield><marc:subfield code="c">MED</marc:subfield><marc:subfield code="e">MED1A</marc:subfield><marc:subfield code="f">C0000237102</marc:subfield><marc:subfield code="h">ACFUEZZ</marc:subfield><marc:subfield code="k">U L/P/911 CHA</marc:subfield><marc:subfield code="o">4</marc:subfield><marc:subfield code="p">15.24</marc:subfield><marc:subfield code="r">PRETLIV</marc:subfield><marc:subfield code="s">U_LP911_CHA</marc:subfield><marc:subfield code="u">Ne plus censé  être présent - FP 20150829</marc:subfield><marc:subfield code="y">2014-06-30</marc:subfield></marc:datafield></marc:record>