<marc:record><marc:leader>01321nj  a2200325   4500</marc:leader><marc:controlfield tag="001">364</marc:controlfield><marc:controlfield tag="005">20180701143318.0</marc:controlfield><marc:datafield tag="035" ind1="0" ind2="0"><marc:subfield code="a">HZ_RBX818</marc:subfield></marc:datafield><marc:datafield tag="071" ind1="0" ind2="0"><marc:subfield code="b">DIW</marc:subfield><marc:subfield code="a">DIW-854E</marc:subfield></marc:datafield><marc:datafield tag="090" ind1=" " ind2=" "><marc:subfield code="a">364</marc:subfield></marc:datafield><marc:datafield tag="091" ind1=" " ind2=" "><marc:subfield code="a">1</marc:subfield><marc:subfield code="b">20180701</marc:subfield><marc:subfield code="c">0</marc:subfield></marc:datafield><marc:datafield tag="099" ind1=" " ind2=" "><marc:subfield code="t">DC</marc:subfield><marc:subfield code="c">2014-06-30</marc:subfield><marc:subfield code="d">2014-06-30</marc:subfield><marc:subfield code="x">4</marc:subfield></marc:datafield><marc:datafield tag="100" ind1=" " ind2=" "><marc:subfield code="a">19       1991    k  y0frey5003    ba</marc:subfield></marc:datafield><marc:datafield tag="101" ind1=" " ind2=" "><marc:subfield code="a">fre</marc:subfield></marc:datafield><marc:datafield tag="200" ind1=" " ind2=" "><marc:subfield code="a">Black and blues</marc:subfield><marc:subfield code="b">Enr. sonore</marc:subfield><marc:subfield code="f">James &quot;Blood&quot; Ulmer, guit., chant</marc:subfield></marc:datafield><marc:datafield tag="210" ind1=" " ind2=" "><marc:subfield code="a">Tokyo</marc:subfield><marc:subfield code="c">DIW Records</marc:subfield><marc:subfield code="c">Harmonia Mundi [distrib.]</marc:subfield><marc:subfield code="d">P 1991</marc:subfield></marc:datafield><marc:datafield tag="215" ind1=" " ind2=" "><marc:subfield code="a">1 d.c.</marc:subfield><marc:subfield code="e">1 brochure</marc:subfield></marc:datafield><marc:datafield tag="323" ind1=" " ind2=" "><marc:subfield code="a">Ronald Drayton, guit. ; Amin Ali, guit.b ; Grant Calvin Weston, batt.</marc:subfield></marc:datafield><marc:datafield tag="327" ind1=" " ind2=" "><marc:subfield code="a">Burning like love</marc:subfield><marc:subfield code="a">Crying</marc:subfield><marc:subfield code="a">Lady of colours</marc:subfield><marc:subfield code="a">Tower of power</marc:subfield><marc:subfield code="a">New York day</marc:subfield><marc:subfield code="a">Make it right</marc:subfield><marc:subfield code="a">Sign language</marc:subfield><marc:subfield code="a">No other lover</marc:subfield><marc:subfield code="a">Uptown</marc:subfield></marc:datafield><marc:datafield tag="339" ind1=" " ind2=" "><marc:subfield code="a">m</marc:subfield></marc:datafield><marc:datafield tag="606" ind1=" " ind2=" "><marc:subfield code="a">Jazz</marc:subfield><marc:subfield code="y">Etats-Unis</marc:subfield><marc:subfield code="x">Disques</marc:subfield><marc:subfield code="2">rameau</marc:subfield></marc:datafield><marc:datafield tag="606" ind1=" " ind2=" "><marc:subfield code="a">Blues</marc:subfield><marc:subfield code="x">Disques</marc:subfield><marc:subfield code="2">rameau</marc:subfield></marc:datafield><marc:datafield tag="606" ind1=" " ind2=" "><marc:subfield code="3">12548846</marc:subfield><marc:subfield code="9">605</marc:subfield><marc:subfield code="a">Jazz-rock</marc:subfield><marc:subfield code="x">Disques</marc:subfield><marc:subfield code="2">rameau</marc:subfield></marc:datafield><marc:datafield tag="606" ind1=" " ind2=" "><marc:subfield code="a">Guitare, Musique de (jazz)</marc:subfield><marc:subfield code="3">11973040</marc:subfield><marc:subfield code="9">604</marc:subfield><marc:subfield code="x">Disques</marc:subfield><marc:subfield code="2">rameau</marc:subfield></marc:datafield><marc:datafield tag="679" ind1=" " ind2=" "><marc:subfield code="a">1</marc:subfield><marc:subfield code="c">70</marc:subfield></marc:datafield><marc:datafield tag="700" ind1=" " ind2=" "><marc:subfield code="a">Ulmer</marc:subfield><marc:subfield code="b">James Blood</marc:subfield><marc:subfield code="f">1942-....</marc:subfield><marc:subfield code="9">46396</marc:subfield></marc:datafield><marc:datafield tag="702" ind1="0" ind2=" "><marc:subfield code="9">147302</marc:subfield><marc:subfield code="a">Ali</marc:subfield><marc:subfield code="b">Amin</marc:subfield></marc:datafield><marc:datafield tag="702" ind1="0" ind2=" "><marc:subfield code="9">147301</marc:subfield><marc:subfield code="3">14173172</marc:subfield><marc:subfield code="a">Drayton</marc:subfield><marc:subfield code="b">Ronald</marc:subfield></marc:datafield><marc:datafield tag="801" ind1=" " ind2=" "><marc:subfield code="a">FR</marc:subfield><marc:subfield code="b">595126101</marc:subfield><marc:subfield code="c">20160131</marc:subfield><marc:subfield code="g">AFNOR</marc:subfield></marc:datafield><marc:datafield tag="995" ind1=" " ind2=" "><marc:subfield code="0">0</marc:subfield><marc:subfield code="2">0</marc:subfield><marc:subfield code="4">0</marc:subfield><marc:subfield code="5">2005-03-22</marc:subfield><marc:subfield code="9">466</marc:subfield><marc:subfield code="P">21.04</marc:subfield><marc:subfield code="b">MED</marc:subfield><marc:subfield code="c">MED</marc:subfield><marc:subfield code="e">MED3C</marc:subfield><marc:subfield code="f">C0000407870</marc:subfield><marc:subfield code="h">AMV13ZZ</marc:subfield><marc:subfield code="k">DC/1 ULM/70</marc:subfield><marc:subfield code="o">0</marc:subfield><marc:subfield code="p">21.04</marc:subfield><marc:subfield code="r">PRETSON</marc:subfield><marc:subfield code="s">DC_1_000000000000000_ULM_70</marc:subfield><marc:subfield code="w">29</marc:subfield><marc:subfield code="y">2016-06-02</marc:subfield></marc:datafield></marc:record>