<marc:record><marc:leader>01492nj  a2200349   4500</marc:leader><marc:controlfield tag="001">366</marc:controlfield><marc:controlfield tag="005">20180922212002.0</marc:controlfield><marc:datafield tag="035" ind1="0" ind2="0"><marc:subfield code="a">HZ_RBX832</marc:subfield></marc:datafield><marc:datafield tag="071" ind1="0" ind2="0"><marc:subfield code="b">4 AD</marc:subfield><marc:subfield code="a">870002 9</marc:subfield></marc:datafield><marc:datafield tag="090" ind1=" " ind2=" "><marc:subfield code="a">366</marc:subfield></marc:datafield><marc:datafield tag="091" ind1=" " ind2=" "><marc:subfield code="a">1</marc:subfield><marc:subfield code="b">20180701</marc:subfield><marc:subfield code="c">0</marc:subfield></marc:datafield><marc:datafield tag="099" ind1=" " ind2=" "><marc:subfield code="t">DC</marc:subfield><marc:subfield code="c">2014-06-30</marc:subfield><marc:subfield code="d">2014-06-30</marc:subfield><marc:subfield code="x">4</marc:subfield></marc:datafield><marc:datafield tag="100" ind1=" " ind2=" "><marc:subfield code="a">19       1993    k  y0frey5003    ba</marc:subfield></marc:datafield><marc:datafield tag="101" ind1=" " ind2=" "><marc:subfield code="a">fre</marc:subfield></marc:datafield><marc:datafield tag="200" ind1=" " ind2=" "><marc:subfield code="a">Frank Black</marc:subfield><marc:subfield code="b">enr. sonore</marc:subfield><marc:subfield code="f">Frank Black</marc:subfield></marc:datafield><marc:datafield tag="210" ind1=" " ind2=" "><marc:subfield code="a">[Londres]</marc:subfield><marc:subfield code="c">Virgin Records Ltd.</marc:subfield><marc:subfield code="d">P 1993</marc:subfield></marc:datafield><marc:datafield tag="215" ind1=" " ind2=" "><marc:subfield code="a">1 d.c.</marc:subfield><marc:subfield code="e">1 brochure</marc:subfield></marc:datafield><marc:datafield tag="322" ind1=" " ind2=" "><marc:subfield code="a">Eric Drew Feldman, prod.</marc:subfield></marc:datafield><marc:datafield tag="323" ind1=" " ind2=" "><marc:subfield code="a">Jœy Santiago, Moris Tepper, David Sardy, guit ; Bob Giusti, batt. ; John Linnell, Kurt Hoffman, saxo.</marc:subfield></marc:datafield><marc:datafield tag="327" ind1=" " ind2=" "><marc:subfield code="a">Los Angeles ; I heard Ramona sing ; Hang on to your ego ; Fu Manchu ; Places named after numbers ; Czar ; Old black dawning ; Ten percenter ; Brac-kish boy ; Two spaces ; Tossed : instrumental ver-sion ; Parry the wind high, low ; Adda Lee ; Eve- ry time I go around here ; Don&apos;t ya rile &apos;em.</marc:subfield></marc:datafield><marc:datafield tag="339" ind1=" " ind2=" "><marc:subfield code="a">m</marc:subfield></marc:datafield><marc:datafield tag="606" ind1=" " ind2=" "><marc:subfield code="a">Rock (musique)</marc:subfield><marc:subfield code="y">Etats-Unis</marc:subfield><marc:subfield code="x">Disques</marc:subfield><marc:subfield code="2">rameau</marc:subfield></marc:datafield><marc:datafield tag="679" ind1=" " ind2=" "><marc:subfield code="a">2</marc:subfield></marc:datafield><marc:datafield tag="700" ind1="0" ind2=" "><marc:subfield code="9">279001</marc:subfield><marc:subfield code="a">Black</marc:subfield><marc:subfield code="b">Frank</marc:subfield><marc:subfield code="f">1965-....</marc:subfield></marc:datafield><marc:datafield tag="701" ind1="0" ind2=" "><marc:subfield code="9">147352</marc:subfield><marc:subfield code="a">Feldman</marc:subfield><marc:subfield code="b">Eric Drew</marc:subfield></marc:datafield><marc:datafield tag="702" ind1="0" ind2=" "><marc:subfield code="9">147353</marc:subfield><marc:subfield code="a">Santiago</marc:subfield><marc:subfield code="b">Jœy</marc:subfield></marc:datafield><marc:datafield tag="702" ind1="0" ind2=" "><marc:subfield code="9">147354</marc:subfield><marc:subfield code="a">Tepper</marc:subfield><marc:subfield code="b">Moris</marc:subfield></marc:datafield><marc:datafield tag="702" ind1="0" ind2=" "><marc:subfield code="9">147355</marc:subfield><marc:subfield code="a">Giusti</marc:subfield><marc:subfield code="b">Bob</marc:subfield></marc:datafield><marc:datafield tag="702" ind1="0" ind2=" "><marc:subfield code="9">147356</marc:subfield><marc:subfield code="a">Linnell</marc:subfield><marc:subfield code="b">John</marc:subfield></marc:datafield><marc:datafield tag="702" ind1="0" ind2=" "><marc:subfield code="9">147357</marc:subfield><marc:subfield code="a">Hoffman</marc:subfield><marc:subfield code="b">Kurt</marc:subfield></marc:datafield><marc:datafield tag="801" ind1=" " ind2=" "><marc:subfield code="a">FR</marc:subfield><marc:subfield code="b">595126101</marc:subfield><marc:subfield code="c">20160131</marc:subfield><marc:subfield code="g">AFNOR</marc:subfield></marc:datafield><marc:datafield tag="995" ind1=" " ind2=" "><marc:subfield code="0">0</marc:subfield><marc:subfield code="2">0</marc:subfield><marc:subfield code="4">0</marc:subfield><marc:subfield code="5">2005-03-22</marc:subfield><marc:subfield code="9">468</marc:subfield><marc:subfield code="P">14.79</marc:subfield><marc:subfield code="b">MED</marc:subfield><marc:subfield code="c">MED</marc:subfield><marc:subfield code="e">MED1A</marc:subfield><marc:subfield code="f">C0000407707</marc:subfield><marc:subfield code="h">AMV20ZZ</marc:subfield><marc:subfield code="k">DC/2 BLA</marc:subfield><marc:subfield code="o">0</marc:subfield><marc:subfield code="p">14.79</marc:subfield><marc:subfield code="r">PRETSON</marc:subfield><marc:subfield code="s">DC_2_000000000000000_BLA</marc:subfield><marc:subfield code="w">57</marc:subfield><marc:subfield code="y">2018-09-29</marc:subfield></marc:datafield></marc:record>