<marc:record><marc:leader>01574nam  2200373   4500</marc:leader><marc:controlfield tag="001">374</marc:controlfield><marc:controlfield tag="003">http://www.mediathequederoubaix.fr/ark:/20179/KH374</marc:controlfield><marc:datafield tag="010" ind1=" " ind2=" "><marc:subfield code="a">2-907629-04-2</marc:subfield></marc:datafield><marc:datafield tag="020" ind1=" " ind2=" "><marc:subfield code="a">FR</marc:subfield><marc:subfield code="b">09707323</marc:subfield></marc:datafield><marc:datafield tag="021" ind1=" " ind2=" "><marc:subfield code="a">FR</marc:subfield><marc:subfield code="b">DL 95-24300</marc:subfield></marc:datafield><marc:datafield tag="033" ind1=" " ind2=" "><marc:subfield code="a">http://catalogue.bnf.fr/ark:/12148/cb35455090s</marc:subfield></marc:datafield><marc:datafield tag="035" ind1=" " ind2=" "><marc:subfield code="a">FRBNF354550900000001</marc:subfield></marc:datafield><marc:datafield tag="039" ind1=" " ind2=" "><marc:subfield code="o">OPL</marc:subfield><marc:subfield code="a">013098667</marc:subfield></marc:datafield><marc:datafield tag="090" ind1=" " ind2=" "><marc:subfield code="a">374</marc:subfield></marc:datafield><marc:datafield tag="091" ind1=" " ind2=" "><marc:subfield code="b">20180701</marc:subfield><marc:subfield code="c">1</marc:subfield><marc:subfield code="a">2</marc:subfield></marc:datafield><marc:datafield tag="099" ind1=" " ind2=" "><marc:subfield code="t">LI</marc:subfield><marc:subfield code="c">2014-06-30</marc:subfield><marc:subfield code="d">2014-06-30</marc:subfield><marc:subfield code="x">0</marc:subfield></marc:datafield><marc:datafield tag="100" ind1=" " ind2=" "><marc:subfield code="a">19910712d1990    m  y0frey50      ba</marc:subfield></marc:datafield><marc:datafield tag="101" ind1="0" ind2=" "><marc:subfield code="a">fre</marc:subfield></marc:datafield><marc:datafield tag="102" ind1=" " ind2=" "><marc:subfield code="a">FR</marc:subfield></marc:datafield><marc:datafield tag="105" ind1=" " ind2=" "><marc:subfield code="a">a   z   00|y|</marc:subfield></marc:datafield><marc:datafield tag="106" ind1=" " ind2=" "><marc:subfield code="a">r</marc:subfield></marc:datafield><marc:datafield tag="200" ind1="1" ind2=" "><marc:subfield code="a">Femmes du Yémen</marc:subfield><marc:subfield code="b">Texte imprimé</marc:subfield><marc:subfield code="f">Blandine Destremau</marc:subfield></marc:datafield><marc:datafield tag="210" ind1=" " ind2=" "><marc:subfield code="a">Paris</marc:subfield><marc:subfield code="c">Éd. Peuples du monde</marc:subfield><marc:subfield code="d">1990</marc:subfield><marc:subfield code="e">46-Cahors</marc:subfield><marc:subfield code="g">Impr. Tardy Quercy</marc:subfield></marc:datafield><marc:datafield tag="215" ind1=" " ind2=" "><marc:subfield code="a">302 p.</marc:subfield><marc:subfield code="c">ill. en noir et en coul., couv. ill. en coul.</marc:subfield><marc:subfield code="d">23 cm</marc:subfield></marc:datafield><marc:datafield tag="225" ind1=" " ind2=" "><marc:subfield code="a">Domaine Maghreb Proche-Orient</marc:subfield></marc:datafield><marc:datafield tag="300" ind1=" " ind2=" "><marc:subfield code="a">Glossaire</marc:subfield></marc:datafield><marc:datafield tag="339" ind1=" " ind2=" "><marc:subfield code="a">m</marc:subfield></marc:datafield><marc:datafield tag="410" ind1=" " ind2="0"><marc:subfield code="0">34267417</marc:subfield><marc:subfield code="t">Domaine Maghreb Proche-Orient (Paris)</marc:subfield><marc:subfield code="x">1151-8715</marc:subfield><marc:subfield code="d">1990</marc:subfield></marc:datafield><marc:datafield tag="606" ind1=" " ind2=" "><marc:subfield code="3">11955655</marc:subfield><marc:subfield code="9">618</marc:subfield><marc:subfield code="a">Femmes</marc:subfield><marc:subfield code="3">11963045</marc:subfield><marc:subfield code="9">619</marc:subfield><marc:subfield code="y">Yémen</marc:subfield><marc:subfield code="3">11965815</marc:subfield><marc:subfield code="9">504</marc:subfield><marc:subfield code="x">Conditions sociales</marc:subfield><marc:subfield code="2">rameau</marc:subfield></marc:datafield><marc:datafield tag="607" ind1=" " ind2=" "><marc:subfield code="3">11963045</marc:subfield><marc:subfield code="9">619</marc:subfield><marc:subfield code="a">Yémen</marc:subfield><marc:subfield code="3">11932512</marc:subfield><marc:subfield code="9">112</marc:subfield><marc:subfield code="x">Moeurs et coutumes</marc:subfield><marc:subfield code="2">rameau</marc:subfield></marc:datafield><marc:datafield tag="686" ind1=" " ind2=" "><marc:subfield code="a">39 </marc:subfield><marc:subfield code="2">Cadre de classement de la Bibliographie nationale française</marc:subfield></marc:datafield><marc:datafield tag="700" ind1=" " ind2=" "><marc:subfield code="3">12925779</marc:subfield><marc:subfield code="9">620</marc:subfield><marc:subfield code="o">ISNI0000000108651746</marc:subfield><marc:subfield code="a">Destremau</marc:subfield><marc:subfield code="b">Blandine</marc:subfield><marc:subfield code="f">1960-....</marc:subfield><marc:subfield code="4">070</marc:subfield></marc:datafield><marc:datafield tag="801" ind1=" " ind2="0"><marc:subfield code="a">FR</marc:subfield><marc:subfield code="b">FR-751131015</marc:subfield><marc:subfield code="c">19910712</marc:subfield><marc:subfield code="g">AFNOR</marc:subfield><marc:subfield code="h">FRBNF354550900000001</marc:subfield><marc:subfield code="2">intermrc</marc:subfield></marc:datafield><marc:datafield tag="995" ind1=" " ind2=" "><marc:subfield code="0">0</marc:subfield><marc:subfield code="2">0</marc:subfield><marc:subfield code="4">0</marc:subfield><marc:subfield code="5">2005-03-22</marc:subfield><marc:subfield code="9">476</marc:subfield><marc:subfield code="P">22.87</marc:subfield><marc:subfield code="b">MED</marc:subfield><marc:subfield code="c">MED</marc:subfield><marc:subfield code="e">MED3E</marc:subfield><marc:subfield code="f">C0000264620</marc:subfield><marc:subfield code="h">AZZMAZZ</marc:subfield><marc:subfield code="k">Mag. in-8/43 304</marc:subfield><marc:subfield code="o">0</marc:subfield><marc:subfield code="p">22.87</marc:subfield><marc:subfield code="r">PRETLIV</marc:subfield><marc:subfield code="s">MAG___IN843_304_00000000000000</marc:subfield><marc:subfield code="w">2</marc:subfield><marc:subfield code="y">2014-06-30</marc:subfield></marc:datafield></marc:record>