<marc:record><marc:leader>01316nj  a2200361   4500</marc:leader><marc:controlfield tag="001">375</marc:controlfield><marc:controlfield tag="003">http://www.mediathequederoubaix.fr/ark:/20179/KH375</marc:controlfield><marc:controlfield tag="005">20180720164830.0</marc:controlfield><marc:datafield tag="035" ind1="0" ind2="0"><marc:subfield code="a">HZ_RBX856</marc:subfield></marc:datafield><marc:datafield tag="071" ind1="0" ind2="0"><marc:subfield code="b">REM</marc:subfield><marc:subfield code="a">REM 311165</marc:subfield></marc:datafield><marc:datafield tag="090" ind1=" " ind2=" "><marc:subfield code="a">375</marc:subfield></marc:datafield><marc:datafield tag="091" ind1=" " ind2=" "><marc:subfield code="a">1</marc:subfield><marc:subfield code="b">20180701</marc:subfield><marc:subfield code="c">0</marc:subfield></marc:datafield><marc:datafield tag="099" ind1=" " ind2=" "><marc:subfield code="t">DC</marc:subfield><marc:subfield code="c">2014-06-30</marc:subfield><marc:subfield code="d">2014-06-30</marc:subfield><marc:subfield code="x">3</marc:subfield></marc:datafield><marc:datafield tag="100" ind1=" " ind2=" "><marc:subfield code="a">19       1991    k  y0frey5003    ba</marc:subfield></marc:datafield><marc:datafield tag="101" ind1=" " ind2=" "><marc:subfield code="a">fre</marc:subfield></marc:datafield><marc:datafield tag="200" ind1=" " ind2=" "><marc:subfield code="a">Orgue limonaire 66 touches du Palace carrousel salon Faure Wilbert</marc:subfield><marc:subfield code="b">Enr. sonore</marc:subfield></marc:datafield><marc:datafield tag="210" ind1=" " ind2=" "><marc:subfield code="a">Lyon</marc:subfield><marc:subfield code="c">REM</marc:subfield><marc:subfield code="d">cop. 1991</marc:subfield></marc:datafield><marc:datafield tag="215" ind1=" " ind2=" "><marc:subfield code="a">1 d.c.</marc:subfield><marc:subfield code="e">1 dépl.</marc:subfield></marc:datafield><marc:datafield tag="322" ind1=" " ind2=" "><marc:subfield code="a">Enr. Jacques Guillaubez</marc:subfield></marc:datafield><marc:datafield tag="606" ind1=" " ind2=" "><marc:subfield code="a">Orgue limonaire</marc:subfield><marc:subfield code="x">Disques</marc:subfield><marc:subfield code="2">rameau</marc:subfield></marc:datafield><marc:datafield tag="606" ind1=" " ind2=" "><marc:subfield code="a">Musique mécanique</marc:subfield><marc:subfield code="3">14642901</marc:subfield><marc:subfield code="9">13709</marc:subfield><marc:subfield code="x">Disques</marc:subfield><marc:subfield code="2">rameau</marc:subfield></marc:datafield><marc:datafield tag="679" ind1=" " ind2=" "><marc:subfield code="a">580</marc:subfield></marc:datafield><marc:datafield tag="701" ind1="0" ind2=" "><marc:subfield code="9">284998</marc:subfield><marc:subfield code="a">Bénech</marc:subfield><marc:subfield code="b">Ferdinand Louis</marc:subfield><marc:subfield code="f">1875-1925</marc:subfield></marc:datafield><marc:datafield tag="701" ind1="0" ind2=" "><marc:subfield code="9">8918</marc:subfield><marc:subfield code="a">Wagner</marc:subfield><marc:subfield code="b">Richard</marc:subfield><marc:subfield code="f">1813-1883</marc:subfield></marc:datafield><marc:datafield tag="701" ind1="0" ind2=" "><marc:subfield code="9">279003</marc:subfield><marc:subfield code="a">Strauss</marc:subfield><marc:subfield code="b">Johann</marc:subfield><marc:subfield code="f">1804-1849</marc:subfield></marc:datafield><marc:datafield tag="701" ind1="0" ind2=" "><marc:subfield code="9">147537</marc:subfield><marc:subfield code="a">Timm</marc:subfield><marc:subfield code="b">Kenneth</marc:subfield></marc:datafield><marc:datafield tag="701" ind1="0" ind2=" "><marc:subfield code="9">147538</marc:subfield><marc:subfield code="a">Pryor</marc:subfield><marc:subfield code="b">Arthur</marc:subfield></marc:datafield><marc:datafield tag="701" ind1="0" ind2=" "><marc:subfield code="9">147541</marc:subfield><marc:subfield code="a">Guillaubez</marc:subfield><marc:subfield code="b">Jacques</marc:subfield></marc:datafield><marc:datafield tag="701" ind1="0" ind2=" "><marc:subfield code="9">284973</marc:subfield><marc:subfield code="a">Rodgers</marc:subfield><marc:subfield code="b">Richard</marc:subfield><marc:subfield code="f">1902-1979</marc:subfield></marc:datafield><marc:datafield tag="701" ind1="0" ind2=" "><marc:subfield code="9">284251</marc:subfield><marc:subfield code="a">Padilla</marc:subfield><marc:subfield code="b">José</marc:subfield><marc:subfield code="f">1889-1960</marc:subfield></marc:datafield><marc:datafield tag="801" ind1=" " ind2=" "><marc:subfield code="a">FR</marc:subfield><marc:subfield code="b">595126101</marc:subfield><marc:subfield code="c">20160703</marc:subfield><marc:subfield code="g">AFNOR</marc:subfield></marc:datafield><marc:datafield tag="339" ind1=" " ind2=" "><marc:subfield code="a">m</marc:subfield></marc:datafield><marc:datafield tag="995" ind1=" " ind2=" "><marc:subfield code="0">0</marc:subfield><marc:subfield code="2">0</marc:subfield><marc:subfield code="4">0</marc:subfield><marc:subfield code="5">2005-03-22</marc:subfield><marc:subfield code="9">477</marc:subfield><marc:subfield code="P">22.11</marc:subfield><marc:subfield code="b">MED</marc:subfield><marc:subfield code="c">MED</marc:subfield><marc:subfield code="e">MED3C</marc:subfield><marc:subfield code="f">C0000407731</marc:subfield><marc:subfield code="h">AMV50ZZ</marc:subfield><marc:subfield code="k">DC/580 ORG</marc:subfield><marc:subfield code="o">0</marc:subfield><marc:subfield code="p">22.11</marc:subfield><marc:subfield code="r">PRETSON</marc:subfield><marc:subfield code="s">DC_580_000000000000000_ORG</marc:subfield><marc:subfield code="w">38</marc:subfield><marc:subfield code="y">2016-07-30</marc:subfield></marc:datafield></marc:record>