<marc:record><marc:leader>01337nj  a2200277   4500</marc:leader><marc:controlfield tag="001">376</marc:controlfield><marc:controlfield tag="003">http://www.mediathequederoubaix.fr/ark:/20179/KH376</marc:controlfield><marc:controlfield tag="005">20180701143319.0</marc:controlfield><marc:datafield tag="035" ind1="0" ind2="0"><marc:subfield code="a">HZ_RBX857</marc:subfield></marc:datafield><marc:datafield tag="071" ind1="0" ind2="0"><marc:subfield code="b">Too Pure</marc:subfield><marc:subfield code="a">878332 9</marc:subfield></marc:datafield><marc:datafield tag="090" ind1=" " ind2=" "><marc:subfield code="a">376</marc:subfield></marc:datafield><marc:datafield tag="091" ind1=" " ind2=" "><marc:subfield code="a">1</marc:subfield><marc:subfield code="b">20180701</marc:subfield><marc:subfield code="c">0</marc:subfield></marc:datafield><marc:datafield tag="099" ind1=" " ind2=" "><marc:subfield code="t">DC</marc:subfield><marc:subfield code="c">2014-06-30</marc:subfield><marc:subfield code="d">2014-06-30</marc:subfield><marc:subfield code="x">1</marc:subfield></marc:datafield><marc:datafield tag="100" ind1=" " ind2=" "><marc:subfield code="a">19       1993    k  y0frey5003    ba</marc:subfield></marc:datafield><marc:datafield tag="101" ind1=" " ind2=" "><marc:subfield code="a">fre</marc:subfield></marc:datafield><marc:datafield tag="200" ind1=" " ind2=" "><marc:subfield code="a">The groop played &quot; Space age batchelor pad music&quot;</marc:subfield><marc:subfield code="b">Enr. sonore</marc:subfield><marc:subfield code="f">Stereolab</marc:subfield></marc:datafield><marc:datafield tag="210" ind1=" " ind2=" "><marc:subfield code="a">London</marc:subfield><marc:subfield code="c">Too Pure</marc:subfield><marc:subfield code="c">Virgin France S.A. [distrib.]</marc:subfield><marc:subfield code="d">P 1993</marc:subfield></marc:datafield><marc:datafield tag="215" ind1=" " ind2=" "><marc:subfield code="a">1 d.c.</marc:subfield></marc:datafield><marc:datafield tag="323" ind1=" " ind2=" "><marc:subfield code="a">Duncan Brown, guit.b ; Tim Gane, guit. ; Mary Han-sen, chant ; Sean O&apos;Hagan, claviers ; Andy Ramsay, perc. ; Laetitia Sadier, chant.</marc:subfield></marc:datafield><marc:datafield tag="327" ind1=" " ind2=" "><marc:subfield code="a">Avant garde M.O.R.</marc:subfield><marc:subfield code="a">Space age Bachelor pad music :mellow</marc:subfield><marc:subfield code="a">The group play chord X</marc:subfield><marc:subfield code="a">Space age Ba- chelor pad music : foamy</marc:subfield><marc:subfield code="a">Ronco symphony</marc:subfield><marc:subfield code="a">We&apos;re not adult orientaded</marc:subfield><marc:subfield code="a">U.H.F.-MFP</marc:subfield><marc:subfield code="a">We&apos;re not adult oreintaded : new wave live</marc:subfield></marc:datafield><marc:datafield tag="339" ind1=" " ind2=" "><marc:subfield code="a">m</marc:subfield></marc:datafield><marc:datafield tag="606" ind1=" " ind2=" "><marc:subfield code="a">Rock (musique)</marc:subfield><marc:subfield code="y">Grande-Bretagne</marc:subfield><marc:subfield code="y">Angleterre (GB)</marc:subfield><marc:subfield code="x">Disques</marc:subfield><marc:subfield code="2">rameau</marc:subfield></marc:datafield><marc:datafield tag="679" ind1=" " ind2=" "><marc:subfield code="a">2</marc:subfield></marc:datafield><marc:datafield tag="710" ind1="0" ind2=" "><marc:subfield code="9">621</marc:subfield><marc:subfield code="7">ba0yba0y</marc:subfield><marc:subfield code="8">fre   </marc:subfield><marc:subfield code="3">13950571</marc:subfield><marc:subfield code="7">ba0yba0y</marc:subfield><marc:subfield code="8">fre   </marc:subfield><marc:subfield code="a">Stereolab</marc:subfield></marc:datafield><marc:datafield tag="801" ind1=" " ind2="0"><marc:subfield code="a">FR</marc:subfield><marc:subfield code="b">595126101</marc:subfield><marc:subfield code="c">20070828</marc:subfield><marc:subfield code="g">AFNOR</marc:subfield></marc:datafield><marc:datafield tag="995" ind1=" " ind2=" "><marc:subfield code="0">0</marc:subfield><marc:subfield code="2">0</marc:subfield><marc:subfield code="4">0</marc:subfield><marc:subfield code="5">2005-03-22</marc:subfield><marc:subfield code="9">478</marc:subfield><marc:subfield code="P">13.57</marc:subfield><marc:subfield code="b">MED</marc:subfield><marc:subfield code="c">MED</marc:subfield><marc:subfield code="e">MED3C</marc:subfield><marc:subfield code="f">C0000407317</marc:subfield><marc:subfield code="h">AMV20ZZ</marc:subfield><marc:subfield code="k">DC/2 STE</marc:subfield><marc:subfield code="o">0</marc:subfield><marc:subfield code="p">13.57</marc:subfield><marc:subfield code="r">PRETSON</marc:subfield><marc:subfield code="s">DC_2_000000000000000_STE</marc:subfield><marc:subfield code="w">28</marc:subfield><marc:subfield code="y">2014-11-28</marc:subfield></marc:datafield></marc:record>