<marc:record><marc:leader>01560nj  a2200373   4500</marc:leader><marc:controlfield tag="001">378</marc:controlfield><marc:controlfield tag="005">20180719171504.0</marc:controlfield><marc:datafield tag="035" ind1="0" ind2="0"><marc:subfield code="a">HZ_RBX860</marc:subfield></marc:datafield><marc:datafield tag="071" ind1="0" ind2="0"><marc:subfield code="b">Elektra</marc:subfield><marc:subfield code="a">7559-60338-2</marc:subfield></marc:datafield><marc:datafield tag="090" ind1=" " ind2=" "><marc:subfield code="a">378</marc:subfield></marc:datafield><marc:datafield tag="091" ind1=" " ind2=" "><marc:subfield code="a">1</marc:subfield><marc:subfield code="b">20180701</marc:subfield><marc:subfield code="c">0</marc:subfield></marc:datafield><marc:datafield tag="099" ind1=" " ind2=" "><marc:subfield code="t">DC</marc:subfield><marc:subfield code="c">2014-06-30</marc:subfield><marc:subfield code="d">2014-06-30</marc:subfield><marc:subfield code="x">4</marc:subfield></marc:datafield><marc:datafield tag="100" ind1=" " ind2=" "><marc:subfield code="a">19       1980    k  y0frey5003    ba</marc:subfield></marc:datafield><marc:datafield tag="101" ind1=" " ind2=" "><marc:subfield code="a">fre</marc:subfield></marc:datafield><marc:datafield tag="200" ind1=" " ind2=" "><marc:subfield code="a">Winelight</marc:subfield><marc:subfield code="b">enr. sonore</marc:subfield><marc:subfield code="f">Grover Washington, Jr., saxo</marc:subfield></marc:datafield><marc:datafield tag="210" ind1=" " ind2=" "><marc:subfield code="a">[Paris]</marc:subfield><marc:subfield code="c">WEA Music</marc:subfield><marc:subfield code="d">P 1980</marc:subfield></marc:datafield><marc:datafield tag="215" ind1=" " ind2=" "><marc:subfield code="a">1 d.c.</marc:subfield><marc:subfield code="e">1 brochure</marc:subfield></marc:datafield><marc:datafield tag="322" ind1=" " ind2=" "><marc:subfield code="a">Ralph MacDonald, prod.</marc:subfield></marc:datafield><marc:datafield tag="323" ind1=" " ind2=" "><marc:subfield code="a">Bill Withers, chant ; Steve Gadd, batt. ; Marcus Miller, guit.b ; Eric Gale, guit. ; Paul Griffin, claviers</marc:subfield></marc:datafield><marc:datafield tag="327" ind1=" " ind2=" "><marc:subfield code="a">Winelight</marc:subfield><marc:subfield code="a">Let it flow : for DR.J.</marc:subfield><marc:subfield code="a">In the na-me of love</marc:subfield><marc:subfield code="a">Take me there</marc:subfield><marc:subfield code="a">Just the two of us</marc:subfield><marc:subfield code="a">Make me a memory :sad samba</marc:subfield></marc:datafield><marc:datafield tag="339" ind1=" " ind2=" "><marc:subfield code="a">m</marc:subfield></marc:datafield><marc:datafield tag="606" ind1=" " ind2=" "><marc:subfield code="a">Jazz</marc:subfield><marc:subfield code="y">Etats-Unis</marc:subfield><marc:subfield code="x">Disques</marc:subfield><marc:subfield code="2">rameau</marc:subfield></marc:datafield><marc:datafield tag="606" ind1=" " ind2=" "><marc:subfield code="a">Saxophone ténor, Musique de (jazz)</marc:subfield><marc:subfield code="x">Disques</marc:subfield><marc:subfield code="2">rameau</marc:subfield></marc:datafield><marc:datafield tag="606" ind1=" " ind2=" "><marc:subfield code="a">Jazz-rock</marc:subfield><marc:subfield code="3">12548846</marc:subfield><marc:subfield code="9">605</marc:subfield><marc:subfield code="x">Disques</marc:subfield><marc:subfield code="2">rameau</marc:subfield></marc:datafield><marc:datafield tag="679" ind1=" " ind2=" "><marc:subfield code="a">1</marc:subfield><marc:subfield code="c">70</marc:subfield></marc:datafield><marc:datafield tag="701" ind1="0" ind2=" "><marc:subfield code="9">624</marc:subfield><marc:subfield code="3">13935689</marc:subfield><marc:subfield code="a">MacDonald</marc:subfield><marc:subfield code="b">Ralph</marc:subfield><marc:subfield code="f">1944-2011</marc:subfield></marc:datafield><marc:datafield tag="701" ind1=" " ind2=" "><marc:subfield code="9">279004</marc:subfield><marc:subfield code="a">Washington</marc:subfield><marc:subfield code="b">Grover</marc:subfield><marc:subfield code="f">1943-1999</marc:subfield></marc:datafield><marc:datafield tag="702" ind1="0" ind2=" "><marc:subfield code="9">147600</marc:subfield><marc:subfield code="a">Griffin</marc:subfield><marc:subfield code="b">Paul</marc:subfield></marc:datafield><marc:datafield tag="702" ind1="0" ind2=" "><marc:subfield code="9">622</marc:subfield><marc:subfield code="3">13935696</marc:subfield><marc:subfield code="a">Gale</marc:subfield><marc:subfield code="b">Eric</marc:subfield><marc:subfield code="f">1938-1994</marc:subfield></marc:datafield><marc:datafield tag="702" ind1="0" ind2=" "><marc:subfield code="9">623</marc:subfield><marc:subfield code="3">13894234</marc:subfield><marc:subfield code="a">Gadd</marc:subfield><marc:subfield code="b">Steve</marc:subfield><marc:subfield code="f">1945-....</marc:subfield></marc:datafield><marc:datafield tag="702" ind1="0" ind2=" "><marc:subfield code="9">625</marc:subfield><marc:subfield code="3">13921560</marc:subfield><marc:subfield code="a">Withers</marc:subfield><marc:subfield code="b">Bill</marc:subfield><marc:subfield code="f">1938-....</marc:subfield></marc:datafield><marc:datafield tag="702" ind1="0" ind2=" "><marc:subfield code="9">81593</marc:subfield><marc:subfield code="7">ba0yba0y</marc:subfield><marc:subfield code="8">fre   </marc:subfield><marc:subfield code="a">Miller</marc:subfield><marc:subfield code="b">Marcus</marc:subfield><marc:subfield code="f">1959-....</marc:subfield></marc:datafield><marc:datafield tag="801" ind1=" " ind2="0"><marc:subfield code="a">FR</marc:subfield><marc:subfield code="b">595126101</marc:subfield><marc:subfield code="c">20070828</marc:subfield><marc:subfield code="g">AFNOR</marc:subfield></marc:datafield><marc:datafield tag="995" ind1=" " ind2=" "><marc:subfield code="0">0</marc:subfield><marc:subfield code="2">0</marc:subfield><marc:subfield code="4">0</marc:subfield><marc:subfield code="5">2005-03-22</marc:subfield><marc:subfield code="9">480</marc:subfield><marc:subfield code="P">14.18</marc:subfield><marc:subfield code="b">MED</marc:subfield><marc:subfield code="c">MED</marc:subfield><marc:subfield code="e">MED3C</marc:subfield><marc:subfield code="f">C0000407723</marc:subfield><marc:subfield code="h">AMV13ZZ</marc:subfield><marc:subfield code="k">DC/1 WAS/70</marc:subfield><marc:subfield code="o">0</marc:subfield><marc:subfield code="p">14.18</marc:subfield><marc:subfield code="r">PRETSON</marc:subfield><marc:subfield code="s">DC_1_000000000000000_WAS70</marc:subfield><marc:subfield code="w">47</marc:subfield><marc:subfield code="y">2015-10-06</marc:subfield></marc:datafield></marc:record>