<marc:record><marc:leader>01283nj  a2200277   4500</marc:leader><marc:controlfield tag="001">380</marc:controlfield><marc:controlfield tag="003">http://www.mediathequederoubaix.fr/ark:/20179/KH380</marc:controlfield><marc:controlfield tag="005">20180822212002.0</marc:controlfield><marc:datafield tag="035" ind1="0" ind2="0"><marc:subfield code="a">HZ_RBX863</marc:subfield></marc:datafield><marc:datafield tag="071" ind1="0" ind2="0"><marc:subfield code="b">Virgin</marc:subfield><marc:subfield code="a">30939</marc:subfield></marc:datafield><marc:datafield tag="090" ind1=" " ind2=" "><marc:subfield code="a">380</marc:subfield></marc:datafield><marc:datafield tag="091" ind1=" " ind2=" "><marc:subfield code="a">1</marc:subfield><marc:subfield code="b">20180701</marc:subfield><marc:subfield code="c">0</marc:subfield></marc:datafield><marc:datafield tag="099" ind1=" " ind2=" "><marc:subfield code="t">DC</marc:subfield><marc:subfield code="c">2014-06-30</marc:subfield><marc:subfield code="d">2014-06-30</marc:subfield><marc:subfield code="x">11</marc:subfield></marc:datafield><marc:datafield tag="100" ind1=" " ind2=" "><marc:subfield code="a">19       1991    k  y0frey5003    ba</marc:subfield></marc:datafield><marc:datafield tag="101" ind1=" " ind2=" "><marc:subfield code="a">fre</marc:subfield></marc:datafield><marc:datafield tag="200" ind1=" " ind2=" "><marc:subfield code="a">Fous à lier</marc:subfield><marc:subfield code="b">Enr. sonore</marc:subfield><marc:subfield code="f">Les Innocents</marc:subfield></marc:datafield><marc:datafield tag="210" ind1=" " ind2=" "><marc:subfield code="a">[Paris]</marc:subfield><marc:subfield code="c">Virgin France SA</marc:subfield><marc:subfield code="d">P 1991</marc:subfield></marc:datafield><marc:datafield tag="215" ind1=" " ind2=" "><marc:subfield code="a">1 d.c.</marc:subfield><marc:subfield code="e">1 brochure</marc:subfield></marc:datafield><marc:datafield tag="327" ind1=" " ind2=" "><marc:subfield code="a">Un Homme extraordinaire</marc:subfield><marc:subfield code="a">Je vais à Bang-Bang</marc:subfield><marc:subfield code="a">L&apos;Autre Finistère</marc:subfield><marc:subfield code="a">Mon dernier soldat : toi monroi</marc:subfield><marc:subfield code="a">Confessions d&apos;un vieux serpent</marc:subfield><marc:subfield code="a">Belladonna mia</marc:subfield><marc:subfield code="a">Fous à lier</marc:subfield><marc:subfield code="a">Le Paravent</marc:subfield><marc:subfield code="a">Les Remorques</marc:subfield><marc:subfield code="a">En tapant du poing</marc:subfield><marc:subfield code="a">Marie, prends ton temps</marc:subfield></marc:datafield><marc:datafield tag="339" ind1=" " ind2=" "><marc:subfield code="a">m</marc:subfield></marc:datafield><marc:datafield tag="606" ind1=" " ind2=" "><marc:subfield code="a">Rock (musique)</marc:subfield><marc:subfield code="y">France</marc:subfield><marc:subfield code="y">Lyon (Rhône)</marc:subfield><marc:subfield code="x">Disques</marc:subfield><marc:subfield code="2">rameau</marc:subfield></marc:datafield><marc:datafield tag="606" ind1=" " ind2=" "><marc:subfield code="3">11957141</marc:subfield><marc:subfield code="9">214</marc:subfield><marc:subfield code="7">ba0yba0y</marc:subfield><marc:subfield code="8">fre   </marc:subfield><marc:subfield code="a">Pop music</marc:subfield><marc:subfield code="x">Disques</marc:subfield><marc:subfield code="y">France</marc:subfield><marc:subfield code="y">Lyon (Rhône)</marc:subfield><marc:subfield code="2">rameau</marc:subfield></marc:datafield><marc:datafield tag="679" ind1=" " ind2=" "><marc:subfield code="a">2</marc:subfield></marc:datafield><marc:datafield tag="710" ind1="0" ind2=" "><marc:subfield code="9">627</marc:subfield><marc:subfield code="7">ba0yba0y</marc:subfield><marc:subfield code="8">fre   </marc:subfield><marc:subfield code="3">13904113</marc:subfield><marc:subfield code="7">ba0yba0y</marc:subfield><marc:subfield code="8">fre   </marc:subfield><marc:subfield code="a">Les Innocents</marc:subfield><marc:subfield code="c">Groupe de musique pop</marc:subfield></marc:datafield><marc:datafield tag="801" ind1=" " ind2="0"><marc:subfield code="a">FR</marc:subfield><marc:subfield code="b">595126101</marc:subfield><marc:subfield code="c">20070828</marc:subfield><marc:subfield code="g">AFNOR</marc:subfield></marc:datafield><marc:datafield tag="995" ind1=" " ind2=" "><marc:subfield code="0">0</marc:subfield><marc:subfield code="2">0</marc:subfield><marc:subfield code="3">0</marc:subfield><marc:subfield code="4">0</marc:subfield><marc:subfield code="5">2005-03-22</marc:subfield><marc:subfield code="9">482</marc:subfield><marc:subfield code="P">19.06</marc:subfield><marc:subfield code="b">MED</marc:subfield><marc:subfield code="c">MED</marc:subfield><marc:subfield code="e">MED1A</marc:subfield><marc:subfield code="f">C0000407618</marc:subfield><marc:subfield code="h">AMV80ZZ</marc:subfield><marc:subfield code="k">DC/099.2  INN</marc:subfield><marc:subfield code="o">0</marc:subfield><marc:subfield code="p">19.06</marc:subfield><marc:subfield code="r">PRETSON</marc:subfield><marc:subfield code="s">DC_099_200000000000000_INN</marc:subfield><marc:subfield code="w">180</marc:subfield><marc:subfield code="y">2018-10-13</marc:subfield><marc:subfield code="A">0</marc:subfield></marc:datafield></marc:record>