<marc:record><marc:leader>02179nj  a2200421   4500</marc:leader><marc:controlfield tag="001">381</marc:controlfield><marc:controlfield tag="003">http://www.mediathequederoubaix.fr/ark:/20179/KH381</marc:controlfield><marc:controlfield tag="005">20180701143319.0</marc:controlfield><marc:datafield tag="035" ind1="0" ind2="0"><marc:subfield code="a">HZ_RBX864</marc:subfield></marc:datafield><marc:datafield tag="071" ind1="0" ind2="0"><marc:subfield code="b">Trema</marc:subfield><marc:subfield code="a">710375/376</marc:subfield></marc:datafield><marc:datafield tag="090" ind1=" " ind2=" "><marc:subfield code="a">381</marc:subfield></marc:datafield><marc:datafield tag="091" ind1=" " ind2=" "><marc:subfield code="a">1</marc:subfield><marc:subfield code="b">20180701</marc:subfield><marc:subfield code="c">0</marc:subfield></marc:datafield><marc:datafield tag="099" ind1=" " ind2=" "><marc:subfield code="t">DC</marc:subfield><marc:subfield code="c">2014-06-30</marc:subfield><marc:subfield code="d">2014-06-30</marc:subfield><marc:subfield code="x">3</marc:subfield></marc:datafield><marc:datafield tag="100" ind1=" " ind2=" "><marc:subfield code="a">19       1992    k  y0frey5003    ba</marc:subfield></marc:datafield><marc:datafield tag="101" ind1=" " ind2=" "><marc:subfield code="a">fre</marc:subfield></marc:datafield><marc:datafield tag="200" ind1=" " ind2=" "><marc:subfield code="a">Lionel Hampton and his all star inner circle</marc:subfield><marc:subfield code="b">enr. sonore</marc:subfield><marc:subfield code="e">Starring Milt Buckner &amp; Illinois Jacquet</marc:subfield><marc:subfield code="e">Salle Pleyel - March 9, 1971</marc:subfield><marc:subfield code="f">Lionel Hampton, vibr., p, drms, chant</marc:subfield><marc:subfield code="g">All Star Jazz Inner Circle</marc:subfield></marc:datafield><marc:datafield tag="210" ind1=" " ind2=" "><marc:subfield code="c">Trema</marc:subfield><marc:subfield code="c">Sony Music [distrib.]</marc:subfield><marc:subfield code="a">[Paris]</marc:subfield><marc:subfield code="d">P 1992</marc:subfield></marc:datafield><marc:datafield tag="215" ind1=" " ind2=" "><marc:subfield code="a">2 d.c.</marc:subfield><marc:subfield code="c">AAD</marc:subfield><marc:subfield code="e">1 brochure</marc:subfield></marc:datafield><marc:datafield tag="322" ind1=" " ind2=" "><marc:subfield code="a">Frank Tenot, Daniel Filipacchi, prod.</marc:subfield></marc:datafield><marc:datafield tag="323" ind1=" " ind2=" "><marc:subfield code="a">Illinois Jacquet, Chuck Mc Clendon, saxo ténor ; Tommy Gambino, saxo ; Bob Snyder, clar. ; Roland Connors, trp ; Milton Buckner, John Spruill, org.,p ; Billy mackel, guit. ; Eustis Guillemet, guit. b ; Kenny Bolds, drms;</marc:subfield></marc:datafield><marc:datafield tag="327" ind1=" " ind2=" "><marc:subfield code="a">Opening theme ; Air mail special ; Big Jœ ; Summertime ; Sunny side of the street ; The Mess is here ; Ghost of a chance ; Robin&apos;s nest ; Avalon ; Tenderly ; Who can I turn to ; Shadow of your smile ; A Taste of honey ; Stardust ; midnight sun ; How high the moon ; Flying home ; Hamp&apos;s boogie woogie ; C. Jam blues .</marc:subfield></marc:datafield><marc:datafield tag="339" ind1=" " ind2=" "><marc:subfield code="a">m</marc:subfield></marc:datafield><marc:datafield tag="679" ind1=" " ind2=" "><marc:subfield code="a">1</marc:subfield><marc:subfield code="c">30</marc:subfield></marc:datafield><marc:datafield tag="700" ind1="0" ind2=" "><marc:subfield code="9">631</marc:subfield><marc:subfield code="3">13894936</marc:subfield><marc:subfield code="a">Hampton</marc:subfield><marc:subfield code="b">Lionel</marc:subfield><marc:subfield code="f">1908-2002</marc:subfield></marc:datafield><marc:datafield tag="701" ind1="0" ind2=" "><marc:subfield code="9">147601</marc:subfield><marc:subfield code="a">Tenot</marc:subfield><marc:subfield code="b">Lionel</marc:subfield></marc:datafield><marc:datafield tag="701" ind1="0" ind2=" "><marc:subfield code="9">147602</marc:subfield><marc:subfield code="a">Filipacchi</marc:subfield><marc:subfield code="b">Daniel</marc:subfield></marc:datafield><marc:datafield tag="702" ind1="0" ind2=" "><marc:subfield code="9">147603</marc:subfield><marc:subfield code="a">MacClendon</marc:subfield><marc:subfield code="b">Chuck</marc:subfield></marc:datafield><marc:datafield tag="702" ind1="0" ind2=" "><marc:subfield code="9">147604</marc:subfield><marc:subfield code="a">Gambino</marc:subfield><marc:subfield code="b">Tommy</marc:subfield></marc:datafield><marc:datafield tag="702" ind1="0" ind2=" "><marc:subfield code="9">147605</marc:subfield><marc:subfield code="a">Connors</marc:subfield><marc:subfield code="b">Roland</marc:subfield></marc:datafield><marc:datafield tag="702" ind1="0" ind2=" "><marc:subfield code="9">147606</marc:subfield><marc:subfield code="a">Spruill</marc:subfield><marc:subfield code="b">John</marc:subfield></marc:datafield><marc:datafield tag="702" ind1="0" ind2=" "><marc:subfield code="9">147607</marc:subfield><marc:subfield code="a">Guillemet</marc:subfield><marc:subfield code="b">Eustis</marc:subfield></marc:datafield><marc:datafield tag="702" ind1="0" ind2=" "><marc:subfield code="9">147608</marc:subfield><marc:subfield code="a">Bolds</marc:subfield><marc:subfield code="b">Kenny</marc:subfield></marc:datafield><marc:datafield tag="702" ind1="0" ind2=" "><marc:subfield code="9">632</marc:subfield><marc:subfield code="3">13895542</marc:subfield><marc:subfield code="a">Jacquet</marc:subfield><marc:subfield code="b">Illinois</marc:subfield><marc:subfield code="f">1922-2004</marc:subfield></marc:datafield><marc:datafield tag="702" ind1="0" ind2=" "><marc:subfield code="9">628</marc:subfield><marc:subfield code="3">13891954</marc:subfield><marc:subfield code="a">Buckner</marc:subfield><marc:subfield code="b">Milt</marc:subfield><marc:subfield code="f">1915-1977</marc:subfield></marc:datafield><marc:datafield tag="702" ind1="0" ind2=" "><marc:subfield code="9">629</marc:subfield><marc:subfield code="3">15767902</marc:subfield><marc:subfield code="a">Snyder</marc:subfield><marc:subfield code="b">Bob</marc:subfield><marc:subfield code="f">1946-....</marc:subfield></marc:datafield><marc:datafield tag="702" ind1="0" ind2=" "><marc:subfield code="9">630</marc:subfield><marc:subfield code="3">13921408</marc:subfield><marc:subfield code="a">Mackel</marc:subfield><marc:subfield code="b">Billy</marc:subfield><marc:subfield code="f">1912-....</marc:subfield></marc:datafield><marc:datafield tag="801" ind1=" " ind2="0"><marc:subfield code="a">FR</marc:subfield><marc:subfield code="b">595126101</marc:subfield><marc:subfield code="c">20051114</marc:subfield><marc:subfield code="g">AFNOR</marc:subfield></marc:datafield><marc:datafield tag="995" ind1=" " ind2=" "><marc:subfield code="0">0</marc:subfield><marc:subfield code="2">0</marc:subfield><marc:subfield code="4">0</marc:subfield><marc:subfield code="5">2005-03-22</marc:subfield><marc:subfield code="9">483</marc:subfield><marc:subfield code="P">23.17</marc:subfield><marc:subfield code="b">MED</marc:subfield><marc:subfield code="c">MED</marc:subfield><marc:subfield code="e">MED3C</marc:subfield><marc:subfield code="f">C0000408224</marc:subfield><marc:subfield code="h">AMV13ZZ</marc:subfield><marc:subfield code="k">DC/1 HAM 30</marc:subfield><marc:subfield code="l">2 d.c. + 1 brochure</marc:subfield><marc:subfield code="o">0</marc:subfield><marc:subfield code="p">23.17</marc:subfield><marc:subfield code="r">PRETSON</marc:subfield><marc:subfield code="s">DC_1_HAM_300000000000000</marc:subfield><marc:subfield code="w">46</marc:subfield><marc:subfield code="y">2015-11-21</marc:subfield></marc:datafield></marc:record>