<marc:record><marc:leader>01264nj  a2200289   4500</marc:leader><marc:controlfield tag="001">386</marc:controlfield><marc:controlfield tag="003">http://www.mediathequederoubaix.fr/ark:/20179/KH386</marc:controlfield><marc:controlfield tag="005">20180701143319.0</marc:controlfield><marc:datafield tag="035" ind1="0" ind2="0"><marc:subfield code="a">HZ_RBX880</marc:subfield></marc:datafield><marc:datafield tag="071" ind1="0" ind2="0"><marc:subfield code="b">EMA</marc:subfield><marc:subfield code="a">JBCD 280</marc:subfield></marc:datafield><marc:datafield tag="090" ind1=" " ind2=" "><marc:subfield code="a">386</marc:subfield></marc:datafield><marc:datafield tag="091" ind1=" " ind2=" "><marc:subfield code="a">1</marc:subfield><marc:subfield code="b">20180701</marc:subfield><marc:subfield code="c">0</marc:subfield></marc:datafield><marc:datafield tag="099" ind1=" " ind2=" "><marc:subfield code="t">DC</marc:subfield><marc:subfield code="c">2014-06-30</marc:subfield><marc:subfield code="d">2014-06-30</marc:subfield><marc:subfield code="x">1</marc:subfield></marc:datafield><marc:datafield tag="100" ind1=" " ind2=" "><marc:subfield code="a">19       1992    k  y0frey5003    ba</marc:subfield></marc:datafield><marc:datafield tag="101" ind1=" " ind2=" "><marc:subfield code="a">fre</marc:subfield></marc:datafield><marc:datafield tag="200" ind1=" " ind2=" "><marc:subfield code="a">Couleur pâle</marc:subfield><marc:subfield code="a">A l&apos;Envers</marc:subfield><marc:subfield code="a">Cendrier...[etc]</marc:subfield><marc:subfield code="b">enr. sonore</marc:subfield><marc:subfield code="f">Mars Avril</marc:subfield></marc:datafield><marc:datafield tag="210" ind1=" " ind2=" "><marc:subfield code="a">[s.l.]</marc:subfield><marc:subfield code="c">EMA</marc:subfield><marc:subfield code="d">C 1992</marc:subfield></marc:datafield><marc:datafield tag="215" ind1=" " ind2=" "><marc:subfield code="a">1 d.c.</marc:subfield></marc:datafield><marc:datafield tag="323" ind1=" " ind2=" "><marc:subfield code="a">Michel Viel, chant et guit. ; François Tiset, guit; Olivier Ducros, guit. b et chœurs ; Pierre Hen-ri Lejuste, clav. et chœurs ; Marc Vedrine, batt.et chœurs.</marc:subfield></marc:datafield><marc:datafield tag="327" ind1=" " ind2=" "><marc:subfield code="a">Looping</marc:subfield><marc:subfield code="a">Les Gants</marc:subfield><marc:subfield code="a">Cactus Club</marc:subfield><marc:subfield code="a">Drôle de fil- le</marc:subfield><marc:subfield code="a">Assassin</marc:subfield><marc:subfield code="a">Chanteur de jazz</marc:subfield></marc:datafield><marc:datafield tag="339" ind1=" " ind2=" "><marc:subfield code="a">m</marc:subfield></marc:datafield><marc:datafield tag="606" ind1=" " ind2=" "><marc:subfield code="9">235964</marc:subfield><marc:subfield code="a">Rock (musique)</marc:subfield><marc:subfield code="y">France</marc:subfield><marc:subfield code="x">Disques</marc:subfield></marc:datafield><marc:datafield tag="679" ind1=" " ind2=" "><marc:subfield code="a">2</marc:subfield></marc:datafield><marc:datafield tag="710" ind1="0" ind2=" "><marc:subfield code="9">122849</marc:subfield><marc:subfield code="a">Mars Avril</marc:subfield><marc:subfield code="c">Lille</marc:subfield></marc:datafield><marc:datafield tag="801" ind1=" " ind2="0"><marc:subfield code="a">FR</marc:subfield><marc:subfield code="b">595126101</marc:subfield><marc:subfield code="c">20070828</marc:subfield><marc:subfield code="g">AFNOR</marc:subfield></marc:datafield><marc:datafield tag="995" ind1=" " ind2=" "><marc:subfield code="0">0</marc:subfield><marc:subfield code="2">0</marc:subfield><marc:subfield code="4">0</marc:subfield><marc:subfield code="5">2005-03-22</marc:subfield><marc:subfield code="9">488</marc:subfield><marc:subfield code="P">19.36</marc:subfield><marc:subfield code="b">MED</marc:subfield><marc:subfield code="c">MED</marc:subfield><marc:subfield code="e">MED3C</marc:subfield><marc:subfield code="f">C0000406379</marc:subfield><marc:subfield code="h">PENRSZZ</marc:subfield><marc:subfield code="k">FLRSON DC/275</marc:subfield><marc:subfield code="o">2</marc:subfield><marc:subfield code="p">19.36</marc:subfield><marc:subfield code="r">PRETSON</marc:subfield><marc:subfield code="s">FLRSON_DC275</marc:subfield><marc:subfield code="y">2014-06-30</marc:subfield></marc:datafield><marc:datafield tag="995" ind1=" " ind2=" "><marc:subfield code="0">0</marc:subfield><marc:subfield code="2">0</marc:subfield><marc:subfield code="4">0</marc:subfield><marc:subfield code="5">2005-03-22</marc:subfield><marc:subfield code="9">489</marc:subfield><marc:subfield code="P">19.36</marc:subfield><marc:subfield code="b">MED</marc:subfield><marc:subfield code="c">MED</marc:subfield><marc:subfield code="e">MED0C</marc:subfield><marc:subfield code="f">C0000407472</marc:subfield><marc:subfield code="h">PRRMEZZ</marc:subfield><marc:subfield code="k">DC/2 MAR</marc:subfield><marc:subfield code="o">0</marc:subfield><marc:subfield code="p">19.36</marc:subfield><marc:subfield code="r">PRETSON</marc:subfield><marc:subfield code="s">DC_2_000000000000000_MAR</marc:subfield><marc:subfield code="w">3</marc:subfield><marc:subfield code="y">2016-01-16</marc:subfield></marc:datafield></marc:record>