<marc:record><marc:leader>02534nj  a2200421   4500</marc:leader><marc:controlfield tag="001">387</marc:controlfield><marc:controlfield tag="005">20180701143319.0</marc:controlfield><marc:datafield tag="035" ind1="0" ind2="0"><marc:subfield code="a">HZ_RBX881</marc:subfield></marc:datafield><marc:datafield tag="071" ind1="0" ind2="0"><marc:subfield code="b">Valois</marc:subfield><marc:subfield code="a">V 4653</marc:subfield></marc:datafield><marc:datafield tag="090" ind1=" " ind2=" "><marc:subfield code="a">387</marc:subfield></marc:datafield><marc:datafield tag="091" ind1=" " ind2=" "><marc:subfield code="a">1</marc:subfield><marc:subfield code="b">20180701</marc:subfield><marc:subfield code="c">0</marc:subfield></marc:datafield><marc:datafield tag="099" ind1=" " ind2=" "><marc:subfield code="t">DC</marc:subfield><marc:subfield code="c">2014-06-30</marc:subfield><marc:subfield code="d">2014-06-30</marc:subfield><marc:subfield code="x">3</marc:subfield></marc:datafield><marc:datafield tag="100" ind1=" " ind2=" "><marc:subfield code="a">19       1992    k  y0frey5003    ba</marc:subfield></marc:datafield><marc:datafield tag="101" ind1=" " ind2=" "><marc:subfield code="a">fre</marc:subfield></marc:datafield><marc:datafield tag="200" ind1=" " ind2=" "><marc:subfield code="a">El organo castellano</marc:subfield><marc:subfield code="b">Enr. sonore</marc:subfield><marc:subfield code="f">Soto de Langa, Antonio de Cabezon, Francisco Peraza...[et al.], comp.</marc:subfield><marc:subfield code="g">Francis Chapelet, org.</marc:subfield></marc:datafield><marc:datafield tag="210" ind1=" " ind2=" "><marc:subfield code="c">Auvidis</marc:subfield><marc:subfield code="a">Paris</marc:subfield><marc:subfield code="d">P 1992</marc:subfield></marc:datafield><marc:datafield tag="215" ind1=" " ind2=" "><marc:subfield code="a">1 d.c.</marc:subfield><marc:subfield code="e">1 brochure</marc:subfield></marc:datafield><marc:datafield tag="225" ind1="0" ind2=" "><marc:subfield code="a">El Organo historico Espanol</marc:subfield><marc:subfield code="v">9</marc:subfield></marc:datafield><marc:datafield tag="305" ind1=" " ind2=" "><marc:subfield code="a">Enr. aux orgues de Abarca de Campos et Frechilla en juillet 1991.</marc:subfield></marc:datafield><marc:datafield tag="327" ind1=" " ind2=" "><marc:subfield code="a">Orgue d&apos;Abarca de Campos : Je vous... ; Sacris Solemnis ; Pour ung plaisir / Anonyme XVIé.</marc:subfield><marc:subfield code="a">Tiento del Sexto ; Tiento del Sexto / Soto de Langa.</marc:subfield><marc:subfield code="a">Tiento del Primer Tono ; Tiento del Primer Tono ; Tiento del Segundo Teno / Antonio de Cabezon.</marc:subfield><marc:subfield code="a">Medio registro alto del Primer Tono / Francisco Pereza.</marc:subfield><marc:subfield code="a">Dos versos para la entrada de la &quot;Salve&quot; ; Seis versos de medio registro / Miguel Lopez.</marc:subfield><marc:subfield code="a">Improvisation à Albarca / Francis Chapelet.</marc:subfield><marc:subfield code="a">Orgue de Frechilla : Tineto por Alamire ; Tiento de Falsas del Quarto Tono ; Pasacalle del Primer Tono / Juan Cabanilles.</marc:subfield><marc:subfield code="a">Tiento Pequeno y facil del Septimo Tono ; Tiento de medio registro de Baxon del Noveno Teno ; Tiento de medio registro de dos Tipes del Segundo Tono /Correa de Arauxo.</marc:subfield><marc:subfield code="a">Tocata del Sexto Teno ; Marcha por Clarines / Antonio Mestres.</marc:subfield><marc:subfield code="a">Improvisation à Frechilla / Francis Chapelet.</marc:subfield></marc:datafield><marc:datafield tag="339" ind1=" " ind2=" "><marc:subfield code="a">m</marc:subfield></marc:datafield><marc:datafield tag="410" ind1=" " ind2=" "><marc:subfield code="t">El Organo historico Espanol</marc:subfield><marc:subfield code="v">9</marc:subfield></marc:datafield><marc:datafield tag="606" ind1=" " ind2=" "><marc:subfield code="a">Concertos (orgue)</marc:subfield><marc:subfield code="x">Disques</marc:subfield><marc:subfield code="2">rameau</marc:subfield></marc:datafield><marc:datafield tag="606" ind1=" " ind2=" "><marc:subfield code="a">Musique</marc:subfield><marc:subfield code="z">17e siècle</marc:subfield><marc:subfield code="x">Disques</marc:subfield><marc:subfield code="2">rameau</marc:subfield></marc:datafield><marc:datafield tag="606" ind1=" " ind2=" "><marc:subfield code="a">Musique</marc:subfield><marc:subfield code="z">15e siècle</marc:subfield><marc:subfield code="x">Disques</marc:subfield><marc:subfield code="2">rameau</marc:subfield></marc:datafield><marc:datafield tag="606" ind1=" " ind2=" "><marc:subfield code="a">Musique</marc:subfield><marc:subfield code="z">16e siècle</marc:subfield><marc:subfield code="x">Disques</marc:subfield><marc:subfield code="2">rameau</marc:subfield></marc:datafield><marc:datafield tag="606" ind1=" " ind2=" "><marc:subfield code="a">Orgue, Musique d&apos;</marc:subfield><marc:subfield code="x">Disques</marc:subfield><marc:subfield code="2">rameau</marc:subfield></marc:datafield><marc:datafield tag="679" ind1=" " ind2=" "><marc:subfield code="a">3.30</marc:subfield></marc:datafield><marc:datafield tag="701" ind1="0" ind2=" "><marc:subfield code="9">147851</marc:subfield><marc:subfield code="a">Peraza</marc:subfield><marc:subfield code="b">Francisco</marc:subfield><marc:subfield code="f">1564-1598</marc:subfield></marc:datafield><marc:datafield tag="701" ind1="0" ind2=" "><marc:subfield code="9">147852</marc:subfield><marc:subfield code="a">Lopez</marc:subfield><marc:subfield code="b">Miguel</marc:subfield><marc:subfield code="f">1669-1723</marc:subfield></marc:datafield><marc:datafield tag="701" ind1="0" ind2=" "><marc:subfield code="9">147853</marc:subfield><marc:subfield code="a">Mestres</marc:subfield><marc:subfield code="b">Antonio</marc:subfield></marc:datafield><marc:datafield tag="701" ind1="0" ind2=" "><marc:subfield code="9">642</marc:subfield><marc:subfield code="3">13892756</marc:subfield><marc:subfield code="a">Correa de Araujo</marc:subfield><marc:subfield code="b">Francisco</marc:subfield><marc:subfield code="f">1584?-1654</marc:subfield></marc:datafield><marc:datafield tag="701" ind1="0" ind2=" "><marc:subfield code="9">19009</marc:subfield><marc:subfield code="a">Cabanilles</marc:subfield><marc:subfield code="b">Juan</marc:subfield><marc:subfield code="f">1644-1712</marc:subfield></marc:datafield><marc:datafield tag="701" ind1="0" ind2=" "><marc:subfield code="9">644</marc:subfield><marc:subfield code="3">13892048</marc:subfield><marc:subfield code="a">Cabezón</marc:subfield><marc:subfield code="b">Antonio de</marc:subfield><marc:subfield code="f">1510-1566</marc:subfield></marc:datafield><marc:datafield tag="701" ind1="0" ind2=" "><marc:subfield code="9">645</marc:subfield><marc:subfield code="3">13899932</marc:subfield><marc:subfield code="a">Soto de Langa</marc:subfield><marc:subfield code="b">Francisco</marc:subfield><marc:subfield code="f">1534-1619</marc:subfield></marc:datafield><marc:datafield tag="702" ind1="0" ind2=" "><marc:subfield code="9">643</marc:subfield><marc:subfield code="3">13336072</marc:subfield><marc:subfield code="a">Chapelet</marc:subfield><marc:subfield code="b">Francis</marc:subfield><marc:subfield code="f">1934-....</marc:subfield></marc:datafield><marc:datafield tag="801" ind1=" " ind2="0"><marc:subfield code="a">FR</marc:subfield><marc:subfield code="b">595126101</marc:subfield><marc:subfield code="c">20070828</marc:subfield><marc:subfield code="g">AFNOR</marc:subfield></marc:datafield><marc:datafield tag="995" ind1=" " ind2=" "><marc:subfield code="0">0</marc:subfield><marc:subfield code="2">0</marc:subfield><marc:subfield code="3">0</marc:subfield><marc:subfield code="4">0</marc:subfield><marc:subfield code="5">2005-03-22</marc:subfield><marc:subfield code="9">490</marc:subfield><marc:subfield code="P">24.24</marc:subfield><marc:subfield code="b">MED</marc:subfield><marc:subfield code="c">MED</marc:subfield><marc:subfield code="e">MED1A</marc:subfield><marc:subfield code="f">C0000408012</marc:subfield><marc:subfield code="h">AMV30ZZ</marc:subfield><marc:subfield code="k">DC/3.30 CHA  ORGUES</marc:subfield><marc:subfield code="o">0</marc:subfield><marc:subfield code="p">24.24</marc:subfield><marc:subfield code="r">PRETSON</marc:subfield><marc:subfield code="s">DC_3_300000000000000_CHA_ORGUE</marc:subfield><marc:subfield code="w">8</marc:subfield><marc:subfield code="y">2017-04-14</marc:subfield><marc:subfield code="A">0</marc:subfield></marc:datafield></marc:record>