<marc:record><marc:leader>01597nj  a2200301   4500</marc:leader><marc:controlfield tag="001">388</marc:controlfield><marc:controlfield tag="003">http://www.mediathequederoubaix.fr/ark:/20179/KH388</marc:controlfield><marc:controlfield tag="005">20180701143319.0</marc:controlfield><marc:datafield tag="035" ind1="0" ind2="0"><marc:subfield code="a">HZ_RBX883</marc:subfield></marc:datafield><marc:datafield tag="071" ind1="0" ind2="0"><marc:subfield code="b">Mantra</marc:subfield><marc:subfield code="a">074</marc:subfield></marc:datafield><marc:datafield tag="090" ind1=" " ind2=" "><marc:subfield code="a">388</marc:subfield></marc:datafield><marc:datafield tag="091" ind1=" " ind2=" "><marc:subfield code="a">1</marc:subfield><marc:subfield code="b">20180701</marc:subfield><marc:subfield code="c">0</marc:subfield></marc:datafield><marc:datafield tag="099" ind1=" " ind2=" "><marc:subfield code="t">DC</marc:subfield><marc:subfield code="c">2014-06-30</marc:subfield><marc:subfield code="d">2014-06-30</marc:subfield><marc:subfield code="x">0</marc:subfield></marc:datafield><marc:datafield tag="100" ind1=" " ind2=" "><marc:subfield code="a">19       1992    k  y0frey5003    ba</marc:subfield></marc:datafield><marc:datafield tag="101" ind1=" " ind2=" "><marc:subfield code="a">fre</marc:subfield></marc:datafield><marc:datafield tag="200" ind1=" " ind2=" "><marc:subfield code="a">Dr Zab &amp; his Robotic Strings Orchestra</marc:subfield><marc:subfield code="b">enr. sonore</marc:subfield><marc:subfield code="f">Thierry Zaboitzeff</marc:subfield></marc:datafield><marc:datafield tag="210" ind1=" " ind2=" "><marc:subfield code="a">Paris</marc:subfield><marc:subfield code="c">FGL</marc:subfield><marc:subfield code="c">Wrote Music [distrib.]</marc:subfield><marc:subfield code="d">P 1992</marc:subfield></marc:datafield><marc:datafield tag="305" ind1=" " ind2=" "><marc:subfield code="a">Enregistré aux Unsafe Studios, Maubeuge en 91-92</marc:subfield></marc:datafield><marc:datafield tag="323" ind1=" " ind2=" "><marc:subfield code="a">André Mergenthaler, saxo</marc:subfield></marc:datafield><marc:datafield tag="327" ind1=" " ind2=" "><marc:subfield code="a">Migration II ; Sérénité ; Sarabande ; Die Schönstegesänge aus der Vögel welt ; Circus ; Miracle à bagdad ; Femme lumière ; Barbe Bleue ; Séduction ;Chant profane ; Bula ; L&apos;Envol ; Overlap proces- sing ; Le Temps qu&apos;il fait ; Li Quinzhao ; Dr Zab ı his robotic strings orchestra ; Pavane (108 EB) ; Scherzo ; Les Portes... ; City ; Yeyo ; Children&apos;s corner ; Le Retour.</marc:subfield></marc:datafield><marc:datafield tag="339" ind1=" " ind2=" "><marc:subfield code="a">m</marc:subfield></marc:datafield><marc:datafield tag="606" ind1=" " ind2=" "><marc:subfield code="2">rameau</marc:subfield><marc:subfield code="a">Musique nouvelle</marc:subfield><marc:subfield code="x">Disques</marc:subfield></marc:datafield><marc:datafield tag="679" ind1=" " ind2=" "><marc:subfield code="a">450</marc:subfield></marc:datafield><marc:datafield tag="700" ind1="0" ind2=" "><marc:subfield code="9">646</marc:subfield><marc:subfield code="7">ba0yba0y</marc:subfield><marc:subfield code="8">fre   </marc:subfield><marc:subfield code="3">14146951</marc:subfield><marc:subfield code="7">ba0yba0y</marc:subfield><marc:subfield code="8">fre   </marc:subfield><marc:subfield code="a">Zaboitzeff</marc:subfield><marc:subfield code="b">Thierry</marc:subfield><marc:subfield code="f">1953-....</marc:subfield></marc:datafield><marc:datafield tag="702" ind1="0" ind2=" "><marc:subfield code="9">147854</marc:subfield><marc:subfield code="a">Mergenthaler</marc:subfield><marc:subfield code="b">André</marc:subfield></marc:datafield><marc:datafield tag="801" ind1=" " ind2="0"><marc:subfield code="a">FR</marc:subfield><marc:subfield code="b">595126101</marc:subfield><marc:subfield code="c">20070828</marc:subfield><marc:subfield code="g">AFNOR</marc:subfield></marc:datafield><marc:datafield tag="995" ind1=" " ind2=" "><marc:subfield code="0">0</marc:subfield><marc:subfield code="2">0</marc:subfield><marc:subfield code="4">0</marc:subfield><marc:subfield code="5">2005-03-22</marc:subfield><marc:subfield code="9">491</marc:subfield><marc:subfield code="P">21.19</marc:subfield><marc:subfield code="b">MED</marc:subfield><marc:subfield code="c">MED</marc:subfield><marc:subfield code="e">MED3C</marc:subfield><marc:subfield code="f">C0000407294</marc:subfield><marc:subfield code="h">PENRSZZ</marc:subfield><marc:subfield code="k">FLRSON DC/279</marc:subfield><marc:subfield code="o">2</marc:subfield><marc:subfield code="p">21.19</marc:subfield><marc:subfield code="r">PRETSON</marc:subfield><marc:subfield code="s">FLRSON_DC279</marc:subfield><marc:subfield code="y">2014-06-30</marc:subfield></marc:datafield><marc:datafield tag="995" ind1=" " ind2=" "><marc:subfield code="0">0</marc:subfield><marc:subfield code="2">0</marc:subfield><marc:subfield code="4">0</marc:subfield><marc:subfield code="5">2005-03-22</marc:subfield><marc:subfield code="9">492</marc:subfield><marc:subfield code="P">21.19</marc:subfield><marc:subfield code="b">MED</marc:subfield><marc:subfield code="c">MED</marc:subfield><marc:subfield code="e">MED3C</marc:subfield><marc:subfield code="f">C0000407414</marc:subfield><marc:subfield code="h">AMV39ZZ</marc:subfield><marc:subfield code="k">DC/450 ZAB</marc:subfield><marc:subfield code="o">0</marc:subfield><marc:subfield code="p">21.19</marc:subfield><marc:subfield code="r">PRETSON</marc:subfield><marc:subfield code="s">DC_450_000000000000000_ZAB</marc:subfield><marc:subfield code="w">22</marc:subfield><marc:subfield code="y">2008-08-05</marc:subfield></marc:datafield></marc:record>