<marc:record><marc:leader>01634nj  a2200361   4500</marc:leader><marc:controlfield tag="001">389</marc:controlfield><marc:controlfield tag="003">http://www.mediathequederoubaix.fr/ark:/20179/KH389</marc:controlfield><marc:controlfield tag="005">20180701143319.0</marc:controlfield><marc:datafield tag="035" ind1="0" ind2="0"><marc:subfield code="a">HZ_RBX884</marc:subfield></marc:datafield><marc:datafield tag="071" ind1="0" ind2="0"><marc:subfield code="b">Wotre music</marc:subfield><marc:subfield code="a">242 035</marc:subfield></marc:datafield><marc:datafield tag="090" ind1=" " ind2=" "><marc:subfield code="a">389</marc:subfield></marc:datafield><marc:datafield tag="091" ind1=" " ind2=" "><marc:subfield code="a">1</marc:subfield><marc:subfield code="b">20180701</marc:subfield><marc:subfield code="c">0</marc:subfield></marc:datafield><marc:datafield tag="099" ind1=" " ind2=" "><marc:subfield code="t">DC</marc:subfield><marc:subfield code="c">2014-06-30</marc:subfield><marc:subfield code="d">2014-06-30</marc:subfield><marc:subfield code="x">0</marc:subfield></marc:datafield><marc:datafield tag="100" ind1=" " ind2=" "><marc:subfield code="a">19       1992    k  y0frey5003    ba</marc:subfield></marc:datafield><marc:datafield tag="101" ind1=" " ind2=" "><marc:subfield code="a">fre</marc:subfield></marc:datafield><marc:datafield tag="200" ind1=" " ind2=" "><marc:subfield code="a">Chants et musiques des minorités hongroises de Slovaquie.</marc:subfield><marc:subfield code="b">enr. sonore</marc:subfield><marc:subfield code="f">Ghymes</marc:subfield></marc:datafield><marc:datafield tag="210" ind1=" " ind2=" "><marc:subfield code="a">[s.l.]</marc:subfield><marc:subfield code="c">7 productions</marc:subfield><marc:subfield code="d">P 1992</marc:subfield></marc:datafield><marc:datafield tag="215" ind1=" " ind2=" "><marc:subfield code="a">1 d.c.</marc:subfield><marc:subfield code="e">1 brochure</marc:subfield></marc:datafield><marc:datafield tag="323" ind1=" " ind2=" "><marc:subfield code="a">Tamas Szarka, vl, luth, guit., chant ; Andor Bujak, vl bratsch, clar., s ; Mihaly Nagy, cythare, clar., cornemuse, htb, fl ; Laszlo Behr, cymbalum,perc., chant ; Gyula Szarka, cb, luth, cythare, guit.</marc:subfield></marc:datafield><marc:datafield tag="327" ind1=" " ind2=" "><marc:subfield code="a">Szerelem, szerelem</marc:subfield><marc:subfield code="a">Ne jarj hozzam</marc:subfield><marc:subfield code="a">Tanczene</marc:subfield><marc:subfield code="a">Hojeda, hojeda</marc:subfield><marc:subfield code="a">Klontott a Tisza vize</marc:subfield><marc:subfield code="a">El kell mennl</marc:subfield><marc:subfield code="a">Guta maga egy vares</marc:subfield><marc:subfield code="a">Volt nekem szeretom</marc:subfield><marc:subfield code="a">Ket ut van elottem</marc:subfield><marc:subfield code="a">Seregek kozt</marc:subfield><marc:subfield code="a">Megszabadul-tam mar</marc:subfield><marc:subfield code="a">Uj esztendo</marc:subfield></marc:datafield><marc:datafield tag="339" ind1=" " ind2=" "><marc:subfield code="a">m</marc:subfield></marc:datafield><marc:datafield tag="606" ind1=" " ind2=" "><marc:subfield code="9">236057</marc:subfield><marc:subfield code="a">Musique traditionnelle</marc:subfield><marc:subfield code="y">Tchécoslovaquie</marc:subfield><marc:subfield code="x">Disques</marc:subfield></marc:datafield><marc:datafield tag="606" ind1=" " ind2=" "><marc:subfield code="9">236058</marc:subfield><marc:subfield code="a">Musique traditionnelle</marc:subfield><marc:subfield code="y">Hongrie</marc:subfield><marc:subfield code="x">Disques</marc:subfield></marc:datafield><marc:datafield tag="606" ind1=" " ind2=" "><marc:subfield code="9">236059</marc:subfield><marc:subfield code="a">Violon</marc:subfield><marc:subfield code="x">Disques</marc:subfield></marc:datafield><marc:datafield tag="679" ind1=" " ind2=" "><marc:subfield code="a">081.1</marc:subfield></marc:datafield><marc:datafield tag="701" ind1="0" ind2=" "><marc:subfield code="9">147855</marc:subfield><marc:subfield code="a">Szarka</marc:subfield><marc:subfield code="b">Tamas</marc:subfield></marc:datafield><marc:datafield tag="701" ind1="0" ind2=" "><marc:subfield code="9">147856</marc:subfield><marc:subfield code="a">Bujak</marc:subfield><marc:subfield code="b">Andor</marc:subfield></marc:datafield><marc:datafield tag="701" ind1="0" ind2=" "><marc:subfield code="9">147857</marc:subfield><marc:subfield code="a">Nagy</marc:subfield><marc:subfield code="b">Mihaly</marc:subfield></marc:datafield><marc:datafield tag="701" ind1="0" ind2=" "><marc:subfield code="9">147858</marc:subfield><marc:subfield code="a">Behr</marc:subfield><marc:subfield code="b">Laszlo</marc:subfield></marc:datafield><marc:datafield tag="701" ind1="0" ind2=" "><marc:subfield code="9">147859</marc:subfield><marc:subfield code="a">Szarka</marc:subfield><marc:subfield code="b">Gyula</marc:subfield></marc:datafield><marc:datafield tag="710" ind1="0" ind2=" "><marc:subfield code="9">122850</marc:subfield><marc:subfield code="a">Ghymes</marc:subfield></marc:datafield><marc:datafield tag="801" ind1=" " ind2="0"><marc:subfield code="a">FR</marc:subfield><marc:subfield code="b">595126101</marc:subfield><marc:subfield code="c">20070828</marc:subfield><marc:subfield code="g">AFNOR</marc:subfield></marc:datafield><marc:datafield tag="995" ind1=" " ind2=" "><marc:subfield code="0">0</marc:subfield><marc:subfield code="2">0</marc:subfield><marc:subfield code="4">0</marc:subfield><marc:subfield code="5">2005-03-22</marc:subfield><marc:subfield code="9">493</marc:subfield><marc:subfield code="P">23.32</marc:subfield><marc:subfield code="b">MED</marc:subfield><marc:subfield code="c">MED</marc:subfield><marc:subfield code="e">MED3C</marc:subfield><marc:subfield code="f">C0000407985</marc:subfield><marc:subfield code="h">AMV90ZZ</marc:subfield><marc:subfield code="k">DC/081.1 GHY</marc:subfield><marc:subfield code="o">0</marc:subfield><marc:subfield code="p">23.32</marc:subfield><marc:subfield code="r">PRETSON</marc:subfield><marc:subfield code="s">DC_081_100000000000000_GHY</marc:subfield><marc:subfield code="w">8</marc:subfield><marc:subfield code="y">2008-07-25</marc:subfield></marc:datafield></marc:record>