<marc:record><marc:leader>02677nj  a2200445   4500</marc:leader><marc:controlfield tag="001">390</marc:controlfield><marc:controlfield tag="005">20180701143319.0</marc:controlfield><marc:datafield tag="035" ind1="0" ind2="0"><marc:subfield code="a">HZ_RBX886</marc:subfield></marc:datafield><marc:datafield tag="071" ind1="0" ind2="0"><marc:subfield code="b">Decca</marc:subfield><marc:subfield code="a">436 267-2</marc:subfield></marc:datafield><marc:datafield tag="090" ind1=" " ind2=" "><marc:subfield code="a">390</marc:subfield></marc:datafield><marc:datafield tag="091" ind1=" " ind2=" "><marc:subfield code="a">1</marc:subfield><marc:subfield code="b">20180701</marc:subfield><marc:subfield code="c">0</marc:subfield></marc:datafield><marc:datafield tag="099" ind1=" " ind2=" "><marc:subfield code="t">DC</marc:subfield><marc:subfield code="c">2014-06-30</marc:subfield><marc:subfield code="d">2014-06-30</marc:subfield><marc:subfield code="x">1</marc:subfield></marc:datafield><marc:datafield tag="100" ind1=" " ind2=" "><marc:subfield code="a">19       1992    k  y0frey5003    ba</marc:subfield></marc:datafield><marc:datafield tag="101" ind1=" " ind2=" "><marc:subfield code="a">fre</marc:subfield></marc:datafield><marc:datafield tag="200" ind1=" " ind2=" "><marc:subfield code="a">Arie Antiche</marc:subfield><marc:subfield code="b">Enr. sonore</marc:subfield><marc:subfield code="e">Se tu m&apos;ami</marc:subfield><marc:subfield code="f">Alessandro Scarlatti</marc:subfield><marc:subfield code="g">Giuseppe Giordani</marc:subfield><marc:subfield code="g">Antonio Lotti</marc:subfield><marc:subfield code="g">Marc&apos;Antonio Cesti ; [et al]</marc:subfield><marc:subfield code="g">Cecilia Bartoli, MS</marc:subfield><marc:subfield code="g">György Fischer, p.</marc:subfield></marc:datafield><marc:datafield tag="210" ind1=" " ind2=" "><marc:subfield code="c">Decca</marc:subfield><marc:subfield code="a">Londres</marc:subfield><marc:subfield code="d">P 1992</marc:subfield></marc:datafield><marc:datafield tag="215" ind1=" " ind2=" "><marc:subfield code="a">1 d.c.</marc:subfield><marc:subfield code="e">1 brochure (22 p. ; 12 cm)</marc:subfield></marc:datafield><marc:datafield tag="307" ind1=" " ind2=" "><marc:subfield code="a">Texte de présentation en angl. avec trad. en français, all. et italien.</marc:subfield></marc:datafield><marc:datafield tag="327" ind1=" " ind2=" "><marc:subfield code="a">Già il sole dal Gange ; Son tutta duolo ; Se Florindo è fedele ; O cessate di piagarni ; Spesso vibra per suo gioco / A. Scarlatti.</marc:subfield><marc:subfield code="a">Caro mio bene / G. Giordani</marc:subfield><marc:subfield code="a">Pur dicesti, o bocca bella / Antonio Lotti.</marc:subfield><marc:subfield code="a">Intorno all&apos;idol mio / Marc&apos;Antonio Cesti.</marc:subfield><marc:subfield code="a">Nel cor più non mi sento ; Il mio ben quando verrà / Giovanni Paisiello.</marc:subfield><marc:subfield code="a">O Leggiadri occhi belli (Anonyme).</marc:subfield><marc:subfield code="a">Quelle fiamma che m&apos;accende / Alessandro Marcello.</marc:subfield><marc:subfield code="a">Selve amiche ; Sebben, crudele / Antonio Caldara.</marc:subfield><marc:subfield code="a">Tu ch&apos;hai le penne, amore / Giulio Caccini</marc:subfield><marc:subfield code="a">Se tu m&apos;ami / Parisotti (attribué à Pergolese)</marc:subfield><marc:subfield code="a">Chi vuol la zingarella / Giovani Paisiello.</marc:subfield><marc:subfield code="a">Amarilli / Giulio Caccini.</marc:subfield><marc:subfield code="a">Delizie contente / Pier Francesco Cavalli.</marc:subfield><marc:subfield code="a">Sposa son disprezzata / Antonio Vivaldi.</marc:subfield><marc:subfield code="a">Vittoria, vittoria ! / Giacomo Carissimi.</marc:subfield></marc:datafield><marc:datafield tag="339" ind1=" " ind2=" "><marc:subfield code="a">m</marc:subfield></marc:datafield><marc:datafield tag="606" ind1=" " ind2=" "><marc:subfield code="a">Airs</marc:subfield><marc:subfield code="x">Disques</marc:subfield><marc:subfield code="2">rameau</marc:subfield></marc:datafield><marc:datafield tag="606" ind1=" " ind2=" "><marc:subfield code="a">Musique</marc:subfield><marc:subfield code="z">17e siècle</marc:subfield><marc:subfield code="x">Disques</marc:subfield><marc:subfield code="2">rameau</marc:subfield></marc:datafield><marc:datafield tag="606" ind1=" " ind2=" "><marc:subfield code="a">Voix</marc:subfield><marc:subfield code="x">Mezzo</marc:subfield><marc:subfield code="2">rameau</marc:subfield></marc:datafield><marc:datafield tag="679" ind1=" " ind2=" "><marc:subfield code="a">3.99</marc:subfield></marc:datafield><marc:datafield tag="701" ind1="0" ind2=" "><marc:subfield code="9">9389</marc:subfield><marc:subfield code="a">Cavalli</marc:subfield><marc:subfield code="b">Francesco</marc:subfield><marc:subfield code="f">1602-1676</marc:subfield></marc:datafield><marc:datafield tag="701" ind1="0" ind2=" "><marc:subfield code="9">649</marc:subfield><marc:subfield code="3">13897066</marc:subfield><marc:subfield code="a">Marcello</marc:subfield><marc:subfield code="b">Alessandro</marc:subfield><marc:subfield code="f">1684-1750</marc:subfield></marc:datafield><marc:datafield tag="701" ind1="0" ind2=" "><marc:subfield code="9">650</marc:subfield><marc:subfield code="3">13892076</marc:subfield><marc:subfield code="a">Caldara</marc:subfield><marc:subfield code="b">Antonio</marc:subfield><marc:subfield code="f">1671?-1736</marc:subfield></marc:datafield><marc:datafield tag="701" ind1="0" ind2=" "><marc:subfield code="9">652</marc:subfield><marc:subfield code="3">13899453</marc:subfield><marc:subfield code="a">Scarlatti</marc:subfield><marc:subfield code="b">Alessandro</marc:subfield><marc:subfield code="f">1660-1725</marc:subfield></marc:datafield><marc:datafield tag="701" ind1="0" ind2=" "><marc:subfield code="9">654</marc:subfield><marc:subfield code="3">13892162</marc:subfield><marc:subfield code="a">Carissimi</marc:subfield><marc:subfield code="b">Giacomo</marc:subfield><marc:subfield code="f">1605-1674</marc:subfield></marc:datafield><marc:datafield tag="701" ind1="0" ind2=" "><marc:subfield code="9">655</marc:subfield><marc:subfield code="3">13900896</marc:subfield><marc:subfield code="a">Vivaldi</marc:subfield><marc:subfield code="b">Antonio</marc:subfield><marc:subfield code="f">1678-1741</marc:subfield></marc:datafield><marc:datafield tag="701" ind1="0" ind2=" "><marc:subfield code="9">14035</marc:subfield><marc:subfield code="3">14126597</marc:subfield><marc:subfield code="a">Parisotti</marc:subfield><marc:subfield code="b">Alessandro</marc:subfield><marc:subfield code="f">1853-1913</marc:subfield></marc:datafield><marc:datafield tag="701" ind1="0" ind2=" "><marc:subfield code="9">14036</marc:subfield><marc:subfield code="3">13896806</marc:subfield><marc:subfield code="a">Lotti</marc:subfield><marc:subfield code="b">Antonio</marc:subfield><marc:subfield code="f">1666-1740</marc:subfield></marc:datafield><marc:datafield tag="701" ind1="0" ind2=" "><marc:subfield code="9">14037</marc:subfield><marc:subfield code="3">13892329</marc:subfield><marc:subfield code="a">Cesti</marc:subfield><marc:subfield code="b">Antonio</marc:subfield><marc:subfield code="f">1623-1669</marc:subfield></marc:datafield><marc:datafield tag="701" ind1="0" ind2=" "><marc:subfield code="9">20713</marc:subfield><marc:subfield code="3">13892055</marc:subfield><marc:subfield code="a">Caccini</marc:subfield><marc:subfield code="b">Giulio</marc:subfield><marc:subfield code="f">1551-1618</marc:subfield></marc:datafield><marc:datafield tag="701" ind1="0" ind2=" "><marc:subfield code="9">15646</marc:subfield><marc:subfield code="3">13894491</marc:subfield><marc:subfield code="a">Giordani</marc:subfield><marc:subfield code="b">Giuseppe</marc:subfield><marc:subfield code="f">1751-1798</marc:subfield></marc:datafield><marc:datafield tag="701" ind1="0" ind2=" "><marc:subfield code="9">10677</marc:subfield><marc:subfield code="3">12209564</marc:subfield><marc:subfield code="a">Paisiello</marc:subfield><marc:subfield code="b">Giovanni</marc:subfield><marc:subfield code="f">1740-1816</marc:subfield></marc:datafield><marc:datafield tag="702" ind1="0" ind2=" "><marc:subfield code="9">651</marc:subfield><marc:subfield code="3">13925668</marc:subfield><marc:subfield code="a">Bartoli</marc:subfield><marc:subfield code="b">Cecilia</marc:subfield><marc:subfield code="f">1966-....</marc:subfield></marc:datafield><marc:datafield tag="702" ind1="0" ind2=" "><marc:subfield code="9">653</marc:subfield><marc:subfield code="3">13893950</marc:subfield><marc:subfield code="a">Fischer</marc:subfield><marc:subfield code="b">György</marc:subfield><marc:subfield code="f">1935-....</marc:subfield></marc:datafield><marc:datafield tag="801" ind1=" " ind2=" "><marc:subfield code="a">FR</marc:subfield><marc:subfield code="b">595126101</marc:subfield><marc:subfield code="c">20160131</marc:subfield><marc:subfield code="g">AFNOR</marc:subfield></marc:datafield><marc:datafield tag="995" ind1=" " ind2=" "><marc:subfield code="0">0</marc:subfield><marc:subfield code="2">0</marc:subfield><marc:subfield code="4">0</marc:subfield><marc:subfield code="5">2005-03-22</marc:subfield><marc:subfield code="9">494</marc:subfield><marc:subfield code="P">24.54</marc:subfield><marc:subfield code="b">MED</marc:subfield><marc:subfield code="c">MED</marc:subfield><marc:subfield code="e">MED1A</marc:subfield><marc:subfield code="f">C0000407862</marc:subfield><marc:subfield code="h">AMV30ZZ</marc:subfield><marc:subfield code="k">DC/3.99 BAR CHANT</marc:subfield><marc:subfield code="o">0</marc:subfield><marc:subfield code="p">24.54</marc:subfield><marc:subfield code="r">PRETSON</marc:subfield><marc:subfield code="s">DC_3_990000000000000_BAR_CHANT</marc:subfield><marc:subfield code="w">55</marc:subfield><marc:subfield code="y">2015-05-09</marc:subfield></marc:datafield></marc:record>