<marc:record><marc:leader>01565nj  a2200289   4500</marc:leader><marc:controlfield tag="001">392</marc:controlfield><marc:controlfield tag="003">http://www.mediathequederoubaix.fr/ark:/20179/KH392</marc:controlfield><marc:controlfield tag="005">20180926212002.0</marc:controlfield><marc:datafield tag="035" ind1="0" ind2="0"><marc:subfield code="a">HZ_RBX891</marc:subfield></marc:datafield><marc:datafield tag="071" ind1="0" ind2="0"><marc:subfield code="b">Fontana</marc:subfield><marc:subfield code="a">510 831-2</marc:subfield></marc:datafield><marc:datafield tag="090" ind1=" " ind2=" "><marc:subfield code="a">392</marc:subfield></marc:datafield><marc:datafield tag="091" ind1=" " ind2=" "><marc:subfield code="a">1</marc:subfield><marc:subfield code="b">20180701</marc:subfield><marc:subfield code="c">0</marc:subfield></marc:datafield><marc:datafield tag="099" ind1=" " ind2=" "><marc:subfield code="t">DC</marc:subfield><marc:subfield code="c">2014-06-30</marc:subfield><marc:subfield code="d">2014-06-30</marc:subfield><marc:subfield code="x">11</marc:subfield></marc:datafield><marc:datafield tag="100" ind1=" " ind2=" "><marc:subfield code="a">19       1992    k  y0frey5003    ba</marc:subfield></marc:datafield><marc:datafield tag="101" ind1=" " ind2=" "><marc:subfield code="a">fre</marc:subfield></marc:datafield><marc:datafield tag="200" ind1=" " ind2=" "><marc:subfield code="a">No regrets</marc:subfield><marc:subfield code="b">Enr. sonore</marc:subfield><marc:subfield code="e">the best of Scott Walker and the Walker Brothers 1965-1976</marc:subfield></marc:datafield><marc:datafield tag="210" ind1=" " ind2=" "><marc:subfield code="c">Phonogram</marc:subfield><marc:subfield code="a">[Paris]</marc:subfield><marc:subfield code="d">P 1992</marc:subfield></marc:datafield><marc:datafield tag="215" ind1=" " ind2=" "><marc:subfield code="a">1 d.c.</marc:subfield><marc:subfield code="e">1 brochure</marc:subfield></marc:datafield><marc:datafield tag="327" ind1=" " ind2=" "><marc:subfield code="a">No regrets ; Make it easy on yourself ; The sun ain&apos;t gonna shine anymore ; My ship is comin&apos; in /The Walker Brothers . Joanna ; Lights of Cincina- ti / Scott Walker . Another tear falls / Boy child; Montague terrace in blue ; Jackie / Scott Walker. Stay with me baby / The Walker brothers . If yougo away / Scott Walker . First love never dies ; Love her ; Walking in the rain ; (Baby) You don&apos;t have to tell me ; Deadlier than the male ; We&apos;re all alone / The Walker brothers.</marc:subfield></marc:datafield><marc:datafield tag="339" ind1=" " ind2=" "><marc:subfield code="a">m</marc:subfield></marc:datafield><marc:datafield tag="606" ind1=" " ind2=" "><marc:subfield code="a">Rock (musique)</marc:subfield><marc:subfield code="y">Etats-Unis</marc:subfield><marc:subfield code="x">Disques</marc:subfield><marc:subfield code="2">rameau</marc:subfield></marc:datafield><marc:datafield tag="606" ind1=" " ind2=" "><marc:subfield code="3">11957141</marc:subfield><marc:subfield code="9">214</marc:subfield><marc:subfield code="7">ba0yba0y</marc:subfield><marc:subfield code="8">fre   </marc:subfield><marc:subfield code="a">Pop music</marc:subfield><marc:subfield code="x">Disques</marc:subfield><marc:subfield code="y">Etats-Unis</marc:subfield><marc:subfield code="2">rameau</marc:subfield></marc:datafield><marc:datafield tag="679" ind1=" " ind2=" "><marc:subfield code="a">2</marc:subfield></marc:datafield><marc:datafield tag="700" ind1="0" ind2=" "><marc:subfield code="9">671</marc:subfield><marc:subfield code="7">ba0yba0y</marc:subfield><marc:subfield code="8">fre   </marc:subfield><marc:subfield code="3">13900969</marc:subfield><marc:subfield code="7">ba0yba0y</marc:subfield><marc:subfield code="8">fre   </marc:subfield><marc:subfield code="a">Walker</marc:subfield><marc:subfield code="b">Scott</marc:subfield><marc:subfield code="f">1943-....</marc:subfield></marc:datafield><marc:datafield tag="711" ind1="0" ind2=" "><marc:subfield code="9">122851</marc:subfield><marc:subfield code="a">The Walker Brothers</marc:subfield></marc:datafield><marc:datafield tag="801" ind1=" " ind2="0"><marc:subfield code="a">FR</marc:subfield><marc:subfield code="b">595126101</marc:subfield><marc:subfield code="c">20070828</marc:subfield><marc:subfield code="g">AFNOR</marc:subfield></marc:datafield><marc:datafield tag="995" ind1=" " ind2=" "><marc:subfield code="0">0</marc:subfield><marc:subfield code="2">0</marc:subfield><marc:subfield code="4">0</marc:subfield><marc:subfield code="5">2005-03-22</marc:subfield><marc:subfield code="9">496</marc:subfield><marc:subfield code="P">22.26</marc:subfield><marc:subfield code="b">MED</marc:subfield><marc:subfield code="c">MED</marc:subfield><marc:subfield code="e">MED1A</marc:subfield><marc:subfield code="f">C0000407676</marc:subfield><marc:subfield code="h">AMV20ZZ</marc:subfield><marc:subfield code="k">DC/2 WAL</marc:subfield><marc:subfield code="o">0</marc:subfield><marc:subfield code="p">22.26</marc:subfield><marc:subfield code="r">PRETSON</marc:subfield><marc:subfield code="s">DC_2_000000000000000_WAL</marc:subfield><marc:subfield code="w">73</marc:subfield><marc:subfield code="y">2018-11-07</marc:subfield></marc:datafield></marc:record>