<marc:record><marc:leader>01167nj  a2200289   4500</marc:leader><marc:controlfield tag="001">394</marc:controlfield><marc:controlfield tag="003">http://www.mediathequederoubaix.fr/ark:/20179/KH394</marc:controlfield><marc:controlfield tag="005">20180720164830.0</marc:controlfield><marc:datafield tag="035" ind1="0" ind2="0"><marc:subfield code="a">HZ_RBX893</marc:subfield></marc:datafield><marc:datafield tag="071" ind1="0" ind2="0"><marc:subfield code="b">Virgin</marc:subfield><marc:subfield code="a">262 576</marc:subfield></marc:datafield><marc:datafield tag="090" ind1=" " ind2=" "><marc:subfield code="a">394</marc:subfield></marc:datafield><marc:datafield tag="091" ind1=" " ind2=" "><marc:subfield code="a">1</marc:subfield><marc:subfield code="b">20180701</marc:subfield><marc:subfield code="c">0</marc:subfield></marc:datafield><marc:datafield tag="099" ind1=" " ind2=" "><marc:subfield code="t">DC</marc:subfield><marc:subfield code="c">2014-06-30</marc:subfield><marc:subfield code="d">2014-06-30</marc:subfield><marc:subfield code="x">2</marc:subfield></marc:datafield><marc:datafield tag="100" ind1=" " ind2=" "><marc:subfield code="a">19       1992    k  y0frey5003    ba</marc:subfield></marc:datafield><marc:datafield tag="101" ind1=" " ind2=" "><marc:subfield code="a">fre</marc:subfield></marc:datafield><marc:datafield tag="200" ind1=" " ind2=" "><marc:subfield code="a">Close to seven</marc:subfield><marc:subfield code="b">Enr. sonore</marc:subfield><marc:subfield code="f">Sandra</marc:subfield></marc:datafield><marc:datafield tag="210" ind1=" " ind2=" "><marc:subfield code="a">München</marc:subfield><marc:subfield code="c">Virgin Schallplatten Gmbh</marc:subfield><marc:subfield code="d">P 1992</marc:subfield></marc:datafield><marc:datafield tag="215" ind1=" " ind2=" "><marc:subfield code="a">1 d.c.</marc:subfield><marc:subfield code="e">1 brochure</marc:subfield></marc:datafield><marc:datafield tag="322" ind1=" " ind2=" "><marc:subfield code="a">Michael Cretu, prod, claviers</marc:subfield></marc:datafield><marc:datafield tag="323" ind1=" " ind2=" "><marc:subfield code="a">Andy Hard, chœurs ; Tom Leonhard, guit.</marc:subfield></marc:datafield><marc:datafield tag="327" ind1=" " ind2=" "><marc:subfield code="a">Don&apos;t be agressive</marc:subfield><marc:subfield code="a">Mirrored</marc:subfield><marc:subfield code="a">I need love</marc:subfield><marc:subfield code="a">No taboo</marc:subfield><marc:subfield code="a">When the rain dœsn&apos;t come</marc:subfield><marc:subfield code="a">Steady me</marc:subfield><marc:subfield code="a">Shadows</marc:subfield><marc:subfield code="a">Seal it forever</marc:subfield><marc:subfield code="a">Loves turn to pain</marc:subfield><marc:subfield code="a">your way to India</marc:subfield></marc:datafield><marc:datafield tag="339" ind1=" " ind2=" "><marc:subfield code="a">m</marc:subfield></marc:datafield><marc:datafield tag="606" ind1=" " ind2=" "><marc:subfield code="a">Rock (musique)</marc:subfield><marc:subfield code="y">Allemagne</marc:subfield><marc:subfield code="x">Disques</marc:subfield><marc:subfield code="2">rameau</marc:subfield></marc:datafield><marc:datafield tag="606" ind1=" " ind2=" "><marc:subfield code="3">11957141</marc:subfield><marc:subfield code="9">214</marc:subfield><marc:subfield code="7">ba0yba0y</marc:subfield><marc:subfield code="8">fre   </marc:subfield><marc:subfield code="a">Pop music</marc:subfield><marc:subfield code="x">Disques</marc:subfield><marc:subfield code="y">Allemagne</marc:subfield><marc:subfield code="2">rameau</marc:subfield></marc:datafield><marc:datafield tag="679" ind1=" " ind2=" "><marc:subfield code="a">2</marc:subfield></marc:datafield><marc:datafield tag="700" ind1="0" ind2=" "><marc:subfield code="9">285000</marc:subfield><marc:subfield code="a">Sandra</marc:subfield><marc:subfield code="f">1962-....</marc:subfield></marc:datafield><marc:datafield tag="995" ind1=" " ind2=" "><marc:subfield code="0">0</marc:subfield><marc:subfield code="2">2</marc:subfield><marc:subfield code="4">0</marc:subfield><marc:subfield code="5">2005-03-22</marc:subfield><marc:subfield code="9">498</marc:subfield><marc:subfield code="P">23.93</marc:subfield><marc:subfield code="b">MED</marc:subfield><marc:subfield code="c">MED</marc:subfield><marc:subfield code="e">MED1A</marc:subfield><marc:subfield code="f">C0000408101</marc:subfield><marc:subfield code="h">AMV29ZZ</marc:subfield><marc:subfield code="k">DC/6 SAN</marc:subfield><marc:subfield code="o">4</marc:subfield><marc:subfield code="p">23.93</marc:subfield><marc:subfield code="r">PRETSON</marc:subfield><marc:subfield code="s">DC_6_000000000000000_SAN</marc:subfield><marc:subfield code="w">61</marc:subfield><marc:subfield code="y">2016-02-16</marc:subfield></marc:datafield></marc:record>