<marc:record><marc:leader>01946nj  a2200397   4500</marc:leader><marc:controlfield tag="001">395</marc:controlfield><marc:controlfield tag="005">20180719171504.0</marc:controlfield><marc:datafield tag="035" ind1="0" ind2="0"><marc:subfield code="a">HZ_RBX894</marc:subfield></marc:datafield><marc:datafield tag="071" ind1="0" ind2="0"><marc:subfield code="b">Virgin</marc:subfield><marc:subfield code="a">31095</marc:subfield></marc:datafield><marc:datafield tag="090" ind1=" " ind2=" "><marc:subfield code="a">395</marc:subfield></marc:datafield><marc:datafield tag="091" ind1=" " ind2=" "><marc:subfield code="a">1</marc:subfield><marc:subfield code="b">20180701</marc:subfield><marc:subfield code="c">0</marc:subfield></marc:datafield><marc:datafield tag="099" ind1=" " ind2=" "><marc:subfield code="t">DC</marc:subfield><marc:subfield code="c">2014-06-30</marc:subfield><marc:subfield code="d">2014-06-30</marc:subfield><marc:subfield code="x">3</marc:subfield></marc:datafield><marc:datafield tag="100" ind1=" " ind2=" "><marc:subfield code="a">19       1992    k  y0frey5003    ba</marc:subfield></marc:datafield><marc:datafield tag="101" ind1=" " ind2=" "><marc:subfield code="a">fre</marc:subfield></marc:datafield><marc:datafield tag="200" ind1=" " ind2=" "><marc:subfield code="a">Utile</marc:subfield><marc:subfield code="b">enr. sonore</marc:subfield><marc:subfield code="f">Julien Clerc</marc:subfield></marc:datafield><marc:datafield tag="210" ind1=" " ind2=" "><marc:subfield code="c">Virgin France SA</marc:subfield><marc:subfield code="a">[paris]</marc:subfield><marc:subfield code="d">P 1992</marc:subfield></marc:datafield><marc:datafield tag="215" ind1=" " ind2=" "><marc:subfield code="a">1 d.c.</marc:subfield><marc:subfield code="e">1 brochure</marc:subfield></marc:datafield><marc:datafield tag="322" ind1=" " ind2=" "><marc:subfield code="a">Bertrand de Labbey, prod., vlc.</marc:subfield></marc:datafield><marc:datafield tag="323" ind1=" " ind2=" "><marc:subfield code="a">Jean-Pierre Sabar, arr., claviers ; Basile Leroux,Slim Pezin, José Souc, Patrice Tison, guit. ; Guy Delacroix, guit.b ; Claude Salmieri, Pierre-Alain Dahan, batt. ; Denis Benarroch, Jean-Paul Bat- tailley, Marc Chantereau, perc. ; Jeanne Boisdur, Christiane Obydol, Georges Costa, Michel Costa, Laetitia Haddad Fafa, Sylvie N&apos;Doumbé, Krapou, chœurs. Patrick Bourgoin, saxo ; Alex Perdigon, trb ; Jac-ques Bessot, trp ; Jean-Jacques Milteau, hrmca. Jean-Pierre Bouchard, cor.</marc:subfield></marc:datafield><marc:datafield tag="327" ind1=" " ind2=" "><marc:subfield code="a">New Virginia</marc:subfield><marc:subfield code="a">Nœ</marc:subfield><marc:subfield code="a">Ballade en blanc</marc:subfield><marc:subfield code="a">Charpie dechapka : chanson pour mon grand-père</marc:subfield><marc:subfield code="a">Seule au monde</marc:subfield><marc:subfield code="a">Coquetier bleu</marc:subfield><marc:subfield code="a">Utile</marc:subfield><marc:subfield code="a">Free-demo</marc:subfield><marc:subfield code="a">Ama- zone, à la vie</marc:subfield><marc:subfield code="a">Toi, tu me plais</marc:subfield><marc:subfield code="a">La Belle est arrivée</marc:subfield></marc:datafield><marc:datafield tag="339" ind1=" " ind2=" "><marc:subfield code="a">m</marc:subfield></marc:datafield><marc:datafield tag="679" ind1=" " ind2=" "><marc:subfield code="a">099.2</marc:subfield></marc:datafield><marc:datafield tag="700" ind1=" " ind2=" "><marc:subfield code="9">2569</marc:subfield><marc:subfield code="a">Clerc</marc:subfield><marc:subfield code="b">Julien</marc:subfield><marc:subfield code="f">1947-....</marc:subfield><marc:subfield code="3"> 12067681</marc:subfield></marc:datafield><marc:datafield tag="701" ind1="0" ind2=" "><marc:subfield code="9">148298</marc:subfield><marc:subfield code="a">Labbey</marc:subfield><marc:subfield code="b">Bertrand de</marc:subfield></marc:datafield><marc:datafield tag="702" ind1="0" ind2=" "><marc:subfield code="9">279005</marc:subfield><marc:subfield code="a">Delacroix</marc:subfield><marc:subfield code="b">Guy</marc:subfield></marc:datafield><marc:datafield tag="702" ind1="0" ind2=" "><marc:subfield code="9">148300</marc:subfield><marc:subfield code="a">Salmieri</marc:subfield><marc:subfield code="b">Claude</marc:subfield></marc:datafield><marc:datafield tag="702" ind1="0" ind2=" "><marc:subfield code="9">148301</marc:subfield><marc:subfield code="a">Boisdur</marc:subfield><marc:subfield code="b">Jeanne</marc:subfield></marc:datafield><marc:datafield tag="702" ind1="0" ind2=" "><marc:subfield code="9">148302</marc:subfield><marc:subfield code="a">Costa</marc:subfield><marc:subfield code="b">Georges</marc:subfield></marc:datafield><marc:datafield tag="702" ind1="0" ind2=" "><marc:subfield code="9">148303</marc:subfield><marc:subfield code="a">Costa</marc:subfield><marc:subfield code="b">Michel</marc:subfield></marc:datafield><marc:datafield tag="702" ind1="0" ind2=" "><marc:subfield code="9">148304</marc:subfield><marc:subfield code="a">Haddad Fafa</marc:subfield><marc:subfield code="b">Laetitia</marc:subfield></marc:datafield><marc:datafield tag="702" ind1="0" ind2=" "><marc:subfield code="9">148305</marc:subfield><marc:subfield code="a">N&apos;Doumbé</marc:subfield><marc:subfield code="b">Sylvie</marc:subfield></marc:datafield><marc:datafield tag="702" ind1="0" ind2=" "><marc:subfield code="9">148306</marc:subfield><marc:subfield code="a">Bourgoin</marc:subfield><marc:subfield code="b">Patrick</marc:subfield></marc:datafield><marc:datafield tag="702" ind1="0" ind2=" "><marc:subfield code="9">148307</marc:subfield><marc:subfield code="a">Perdigon</marc:subfield><marc:subfield code="b">Alex</marc:subfield></marc:datafield><marc:datafield tag="702" ind1="0" ind2=" "><marc:subfield code="9">148308</marc:subfield><marc:subfield code="a">Bessot</marc:subfield><marc:subfield code="b">Jacques</marc:subfield></marc:datafield><marc:datafield tag="801" ind1=" " ind2=" "><marc:subfield code="a">FR</marc:subfield><marc:subfield code="b">595126101</marc:subfield><marc:subfield code="c">20160703</marc:subfield><marc:subfield code="g">AFNOR</marc:subfield></marc:datafield><marc:datafield tag="995" ind1=" " ind2=" "><marc:subfield code="0">0</marc:subfield><marc:subfield code="2">0</marc:subfield><marc:subfield code="4">0</marc:subfield><marc:subfield code="5">2005-03-22</marc:subfield><marc:subfield code="9">499</marc:subfield><marc:subfield code="P">23.93</marc:subfield><marc:subfield code="b">MED</marc:subfield><marc:subfield code="c">MED</marc:subfield><marc:subfield code="e">MED1A</marc:subfield><marc:subfield code="f">C0000407684</marc:subfield><marc:subfield code="h">AMV80ZZ</marc:subfield><marc:subfield code="k">DC/099.2 CLE</marc:subfield><marc:subfield code="o">0</marc:subfield><marc:subfield code="p">23.93</marc:subfield><marc:subfield code="r">PRETSON</marc:subfield><marc:subfield code="s">DC_099_200000000000000_CLE</marc:subfield><marc:subfield code="w">82</marc:subfield><marc:subfield code="y">2017-07-01</marc:subfield></marc:datafield></marc:record>