<marc:record><marc:leader>01462nj  a2200361   4500</marc:leader><marc:controlfield tag="001">397</marc:controlfield><marc:controlfield tag="005">20180701143319.0</marc:controlfield><marc:datafield tag="035" ind1="0" ind2="0"><marc:subfield code="a">HZ_RBX898</marc:subfield></marc:datafield><marc:datafield tag="071" ind1="0" ind2="0"><marc:subfield code="b">Columbia</marc:subfield><marc:subfield code="a">472498 2</marc:subfield></marc:datafield><marc:datafield tag="090" ind1=" " ind2=" "><marc:subfield code="a">397</marc:subfield></marc:datafield><marc:datafield tag="091" ind1=" " ind2=" "><marc:subfield code="a">1</marc:subfield><marc:subfield code="b">20180701</marc:subfield><marc:subfield code="c">0</marc:subfield></marc:datafield><marc:datafield tag="099" ind1=" " ind2=" "><marc:subfield code="t">DC</marc:subfield><marc:subfield code="c">2014-06-30</marc:subfield><marc:subfield code="d">2014-06-30</marc:subfield><marc:subfield code="x">6</marc:subfield></marc:datafield><marc:datafield tag="100" ind1=" " ind2=" "><marc:subfield code="a">19       1992    k  y0frey5003    ba</marc:subfield></marc:datafield><marc:datafield tag="101" ind1=" " ind2=" "><marc:subfield code="a">fre</marc:subfield></marc:datafield><marc:datafield tag="200" ind1=" " ind2=" "><marc:subfield code="a">The Future</marc:subfield><marc:subfield code="b">enr. sonore</marc:subfield><marc:subfield code="f">Leonard Cohen</marc:subfield></marc:datafield><marc:datafield tag="210" ind1=" " ind2=" "><marc:subfield code="a">[Neuilly-sur-Seine]</marc:subfield><marc:subfield code="c">Sony Music</marc:subfield><marc:subfield code="d">P 1992</marc:subfield></marc:datafield><marc:datafield tag="215" ind1=" " ind2=" "><marc:subfield code="a">1 d.c.</marc:subfield><marc:subfield code="e">1 brochure</marc:subfield></marc:datafield><marc:datafield tag="322" ind1=" " ind2=" "><marc:subfield code="a">Steve Lindsey, Bill Ginn, Leanne Ungar, Rebecca de Mornay, Yoav Goren, prod.</marc:subfield></marc:datafield><marc:datafield tag="323" ind1=" " ind2=" "><marc:subfield code="a">Bob Metzger, guit. ; Bob Furgo, vl ; Dean Parks, guit ; Perla Batalla, chœurs ; Julie Christensen, chœurs ; Jennifer Warnes, chœurs .</marc:subfield></marc:datafield><marc:datafield tag="327" ind1=" " ind2=" "><marc:subfield code="a">The Future</marc:subfield><marc:subfield code="a">Waiting for the miracle</marc:subfield><marc:subfield code="a">Be for real</marc:subfield><marc:subfield code="a">Closing time</marc:subfield><marc:subfield code="a">Anthem</marc:subfield><marc:subfield code="a">Democracy</marc:subfield><marc:subfield code="a">Light as the breeze</marc:subfield><marc:subfield code="a">Always</marc:subfield><marc:subfield code="a">Tacoma trailer</marc:subfield></marc:datafield><marc:datafield tag="339" ind1=" " ind2=" "><marc:subfield code="a">m</marc:subfield></marc:datafield><marc:datafield tag="606" ind1=" " ind2=" "><marc:subfield code="a">Rock (musique)</marc:subfield><marc:subfield code="y">Canada</marc:subfield><marc:subfield code="x">Disques</marc:subfield><marc:subfield code="2">rameau</marc:subfield></marc:datafield><marc:datafield tag="679" ind1=" " ind2=" "><marc:subfield code="a">2</marc:subfield></marc:datafield><marc:datafield tag="701" ind1="0" ind2=" "><marc:subfield code="9">148322</marc:subfield><marc:subfield code="a">Lindsey</marc:subfield><marc:subfield code="b">Steve</marc:subfield></marc:datafield><marc:datafield tag="701" ind1="0" ind2=" "><marc:subfield code="9">148323</marc:subfield><marc:subfield code="a">Ginn</marc:subfield><marc:subfield code="b">Bill</marc:subfield></marc:datafield><marc:datafield tag="701" ind1="0" ind2=" "><marc:subfield code="9">148324</marc:subfield><marc:subfield code="a">Ungar</marc:subfield><marc:subfield code="b">Leanne</marc:subfield></marc:datafield><marc:datafield tag="701" ind1="0" ind2=" "><marc:subfield code="9">148325</marc:subfield><marc:subfield code="a">Goren</marc:subfield><marc:subfield code="b">Yoav</marc:subfield></marc:datafield><marc:datafield tag="702" ind1="0" ind2=" "><marc:subfield code="9">148326</marc:subfield><marc:subfield code="a">Metzger</marc:subfield><marc:subfield code="b">Bob</marc:subfield></marc:datafield><marc:datafield tag="702" ind1="0" ind2=" "><marc:subfield code="9">148327</marc:subfield><marc:subfield code="a">Furgo</marc:subfield><marc:subfield code="b">Bob</marc:subfield></marc:datafield><marc:datafield tag="702" ind1="0" ind2=" "><marc:subfield code="9">148328</marc:subfield><marc:subfield code="a">Batalla</marc:subfield><marc:subfield code="b">Perla</marc:subfield></marc:datafield><marc:datafield tag="700" ind1="0" ind2=" "><marc:subfield code="9">36888</marc:subfield><marc:subfield code="7">ba0yba0y</marc:subfield><marc:subfield code="8">fre   </marc:subfield><marc:subfield code="a">Cohen</marc:subfield><marc:subfield code="b">Leonard</marc:subfield><marc:subfield code="f">1934-....</marc:subfield></marc:datafield><marc:datafield tag="801" ind1=" " ind2=" "><marc:subfield code="a">FR</marc:subfield><marc:subfield code="b">595126101</marc:subfield><marc:subfield code="c">20160703</marc:subfield><marc:subfield code="g">AFNOR</marc:subfield></marc:datafield><marc:datafield tag="995" ind1=" " ind2=" "><marc:subfield code="0">0</marc:subfield><marc:subfield code="2">0</marc:subfield><marc:subfield code="4">0</marc:subfield><marc:subfield code="5">2015-01-28</marc:subfield><marc:subfield code="9">317492</marc:subfield><marc:subfield code="P">21.80</marc:subfield><marc:subfield code="b">MED</marc:subfield><marc:subfield code="c">MED</marc:subfield><marc:subfield code="e">MED1A</marc:subfield><marc:subfield code="f">C0005917396</marc:subfield><marc:subfield code="h">AMV20ZZ</marc:subfield><marc:subfield code="k">DC/2 COH</marc:subfield><marc:subfield code="o">0</marc:subfield><marc:subfield code="p">21.80</marc:subfield><marc:subfield code="r">PRETSON</marc:subfield><marc:subfield code="s">DC_2_000000000000000_COH</marc:subfield><marc:subfield code="w">5</marc:subfield><marc:subfield code="y">2018-05-22</marc:subfield></marc:datafield></marc:record>