<marc:record><marc:leader>01455nj  a2200289   4500</marc:leader><marc:controlfield tag="001">398</marc:controlfield><marc:controlfield tag="005">20180701143319.0</marc:controlfield><marc:datafield tag="035" ind1="0" ind2="0"><marc:subfield code="a">HZ_RBX901</marc:subfield></marc:datafield><marc:datafield tag="071" ind1="0" ind2="0"><marc:subfield code="b">Chant du monde</marc:subfield><marc:subfield code="a">LDX 274 948</marc:subfield></marc:datafield><marc:datafield tag="090" ind1=" " ind2=" "><marc:subfield code="a">398</marc:subfield></marc:datafield><marc:datafield tag="091" ind1=" " ind2=" "><marc:subfield code="a">1</marc:subfield><marc:subfield code="b">20180701</marc:subfield><marc:subfield code="c">0</marc:subfield></marc:datafield><marc:datafield tag="099" ind1=" " ind2=" "><marc:subfield code="t">DC</marc:subfield><marc:subfield code="c">2014-06-30</marc:subfield><marc:subfield code="d">2014-06-30</marc:subfield><marc:subfield code="x">0</marc:subfield></marc:datafield><marc:datafield tag="100" ind1=" " ind2=" "><marc:subfield code="a">19       1992    k  y0frey5003    ba</marc:subfield></marc:datafield><marc:datafield tag="101" ind1=" " ind2=" "><marc:subfield code="a">fre</marc:subfield></marc:datafield><marc:datafield tag="200" ind1=" " ind2=" "><marc:subfield code="a">Trabajo, quiero trajabo</marc:subfield><marc:subfield code="b">Enr. sonore</marc:subfield><marc:subfield code="a">Le pengo rabia al silencio</marc:subfield><marc:subfield code="a">La copla...[etc.]</marc:subfield><marc:subfield code="h">Disque 1</marc:subfield><marc:subfield code="f">Atahualpa Yupanqui, par., mus., chant, guit.</marc:subfield></marc:datafield><marc:datafield tag="210" ind1=" " ind2=" "><marc:subfield code="d">P 1992</marc:subfield></marc:datafield><marc:datafield tag="215" ind1=" " ind2=" "><marc:subfield code="a">1 d.c.</marc:subfield><marc:subfield code="e">1 brochure</marc:subfield></marc:datafield><marc:datafield tag="305" ind1=" " ind2=" "><marc:subfield code="a">Enr. à Paris de 1968 à 1980</marc:subfield></marc:datafield><marc:datafield tag="307" ind1=" " ind2=" "><marc:subfield code="a">Disque 1 du coffret de 5 disques compacts : L&apos;Intégrale</marc:subfield></marc:datafield><marc:datafield tag="327" ind1=" " ind2=" "><marc:subfield code="a">aussi : Soy libre</marc:subfield><marc:subfield code="a">Danza de la paloma enamorada : instr.</marc:subfield><marc:subfield code="a">El pœta</marc:subfield><marc:subfield code="a">El pintor</marc:subfield><marc:subfield code="a">La olvidada</marc:subfield><marc:subfield code="a">Danza del maiz maduro : instr.</marc:subfield><marc:subfield code="a">Duerme negrito</marc:subfield><marc:subfield code="a">El arriero va</marc:subfield><marc:subfield code="a">El tulumbano : instr.</marc:subfield><marc:subfield code="a">El arbol que tu olvidaste</marc:subfield><marc:subfield code="a">Punay</marc:subfield><marc:subfield code="a">Campesino</marc:subfield><marc:subfield code="a">La finadita : instr.</marc:subfield><marc:subfield code="a">Los ejes de mi carreta</marc:subfield><marc:subfield code="a">Pobrecito soy</marc:subfield><marc:subfield code="a">El nino duerme sonriendo</marc:subfield></marc:datafield><marc:datafield tag="339" ind1=" " ind2=" "><marc:subfield code="a">m</marc:subfield></marc:datafield><marc:datafield tag="493" ind1=" " ind2=" "><marc:subfield code="1">L&apos;intégrale ; Enr. sonore / Atahualpa Yupanqui, par., mus., chant, guit. .</marc:subfield><marc:subfield code="1">P 1992 .</marc:subfield></marc:datafield><marc:datafield tag="606" ind1=" " ind2=" "><marc:subfield code="a">Chansons espagnoles</marc:subfield><marc:subfield code="y">Argentine</marc:subfield><marc:subfield code="x">Disques</marc:subfield><marc:subfield code="2">rameau</marc:subfield></marc:datafield><marc:datafield tag="679" ind1=" " ind2=" "><marc:subfield code="a">042.2</marc:subfield></marc:datafield><marc:datafield tag="700" ind1="0" ind2=" "><marc:subfield code="9">148329</marc:subfield><marc:subfield code="3">12409367</marc:subfield><marc:subfield code="a">Yupanqui</marc:subfield><marc:subfield code="b">Atahualpa</marc:subfield><marc:subfield code="f">1908-1992</marc:subfield><marc:subfield code="c">pseud.</marc:subfield></marc:datafield><marc:datafield tag="801" ind1=" " ind2=" "><marc:subfield code="a">FR</marc:subfield><marc:subfield code="b">595126101</marc:subfield><marc:subfield code="c">20160131</marc:subfield><marc:subfield code="g">AFNOR</marc:subfield></marc:datafield><marc:datafield tag="995" ind1=" " ind2=" "><marc:subfield code="0">0</marc:subfield><marc:subfield code="2">0</marc:subfield><marc:subfield code="4">0</marc:subfield><marc:subfield code="5">2005-03-22</marc:subfield><marc:subfield code="9">502</marc:subfield><marc:subfield code="P">59.46</marc:subfield><marc:subfield code="b">MED</marc:subfield><marc:subfield code="c">MED</marc:subfield><marc:subfield code="e">MED1A</marc:subfield><marc:subfield code="f">C0002029686</marc:subfield><marc:subfield code="h">D02</marc:subfield><marc:subfield code="k">DC/042.2 YUP</marc:subfield><marc:subfield code="o">0</marc:subfield><marc:subfield code="p">59.46</marc:subfield><marc:subfield code="r">PRETSON</marc:subfield><marc:subfield code="s">DC_042_200000000000000_YUP</marc:subfield><marc:subfield code="w">37</marc:subfield><marc:subfield code="y">2015-04-18</marc:subfield></marc:datafield></marc:record>