<marc:record><marc:leader>01567nj  a2200277   4500</marc:leader><marc:controlfield tag="001">400</marc:controlfield><marc:controlfield tag="003">http://www.mediathequederoubaix.fr/ark:/20179/KH400</marc:controlfield><marc:controlfield tag="005">20181025212002.0</marc:controlfield><marc:datafield tag="035" ind1="0" ind2="0"><marc:subfield code="a">HZ_RBX903</marc:subfield></marc:datafield><marc:datafield tag="071" ind1="0" ind2="0"><marc:subfield code="b">Philips</marc:subfield><marc:subfield code="a">514 122-2</marc:subfield></marc:datafield><marc:datafield tag="090" ind1=" " ind2=" "><marc:subfield code="a">400</marc:subfield></marc:datafield><marc:datafield tag="091" ind1=" " ind2=" "><marc:subfield code="a">1</marc:subfield><marc:subfield code="b">20180701</marc:subfield><marc:subfield code="c">0</marc:subfield></marc:datafield><marc:datafield tag="099" ind1=" " ind2=" "><marc:subfield code="t">DC</marc:subfield><marc:subfield code="c">2014-06-30</marc:subfield><marc:subfield code="d">2014-06-30</marc:subfield><marc:subfield code="x">4</marc:subfield></marc:datafield><marc:datafield tag="100" ind1=" " ind2=" "><marc:subfield code="a">19       1992    k  y0frey5003    ba</marc:subfield></marc:datafield><marc:datafield tag="101" ind1=" " ind2=" "><marc:subfield code="a">fre</marc:subfield></marc:datafield><marc:datafield tag="200" ind1=" " ind2=" "><marc:subfield code="a">Intégrale</marc:subfield><marc:subfield code="b">Enr. sonore</marc:subfield><marc:subfield code="h">Volume 1</marc:subfield><marc:subfield code="e">Je t&apos;aime... moi non plus ; Di doo dah</marc:subfield><marc:subfield code="f">Jane Birkin, chant</marc:subfield><marc:subfield code="g">Serge Gainsbourg, par. &amp; mus.</marc:subfield></marc:datafield><marc:datafield tag="210" ind1=" " ind2=" "><marc:subfield code="c">Phonogram</marc:subfield><marc:subfield code="a">Paris</marc:subfield><marc:subfield code="d">P 1992</marc:subfield></marc:datafield><marc:datafield tag="215" ind1=" " ind2=" "><marc:subfield code="a">1 d.c.</marc:subfield><marc:subfield code="e">1 brochure</marc:subfield></marc:datafield><marc:datafield tag="327" ind1=" " ind2=" "><marc:subfield code="a">Je t&apos;aime...moi non plus : en duo avec Serge Gainsbourg ; Orang outang ; 18-39 ; Jane B. ; Le Canari est sur le balcon ; La Chanson de Slogan : en duo avec Serge Gainsbourg ; Les Langues de chat ; La Decadanse : en duo avec Serge Gainsbourg ; Di doo dah ; Help camioneur ; Encore lui ; Puisque je te le dis ; Les Capotes anglaises ; Leur plaisir sans moi ; Mon amour baiser ; Banana boat ; Kawasaki ; La Cible qui bouge ; La Baigneuse de Brighton ; C&apos;est la vie qui veut ça.</marc:subfield></marc:datafield><marc:datafield tag="339" ind1=" " ind2=" "><marc:subfield code="a">m</marc:subfield></marc:datafield><marc:datafield tag="606" ind1=" " ind2=" "><marc:subfield code="a">Chansons françaises</marc:subfield><marc:subfield code="x">Disques</marc:subfield><marc:subfield code="2">rameau</marc:subfield></marc:datafield><marc:datafield tag="679" ind1=" " ind2=" "><marc:subfield code="a">099.2</marc:subfield></marc:datafield><marc:datafield tag="700" ind1="0" ind2=" "><marc:subfield code="9">693</marc:subfield><marc:subfield code="7">ba0yba0y</marc:subfield><marc:subfield code="8">fre   </marc:subfield><marc:subfield code="3">13891529</marc:subfield><marc:subfield code="7">ba0yba0y</marc:subfield><marc:subfield code="8">fre   </marc:subfield><marc:subfield code="a">Birkin</marc:subfield><marc:subfield code="b">Jane</marc:subfield><marc:subfield code="f">1946-....</marc:subfield></marc:datafield><marc:datafield tag="701" ind1="0" ind2=" "><marc:subfield code="9">694</marc:subfield><marc:subfield code="3">13894249</marc:subfield><marc:subfield code="7">ba0yba0y</marc:subfield><marc:subfield code="8">fre   </marc:subfield><marc:subfield code="7">ba0yba0y</marc:subfield><marc:subfield code="8">fre   </marc:subfield><marc:subfield code="a">Gainsbourg</marc:subfield><marc:subfield code="b">Serge</marc:subfield><marc:subfield code="f">1928-1991</marc:subfield></marc:datafield><marc:datafield tag="801" ind1=" " ind2="0"><marc:subfield code="a">FR</marc:subfield><marc:subfield code="b">595126101</marc:subfield><marc:subfield code="c">20110215</marc:subfield><marc:subfield code="g">AFNOR</marc:subfield></marc:datafield><marc:datafield tag="995" ind1=" " ind2=" "><marc:subfield code="0">0</marc:subfield><marc:subfield code="2">0</marc:subfield><marc:subfield code="4">0</marc:subfield><marc:subfield code="5">2005-03-22</marc:subfield><marc:subfield code="9">504</marc:subfield><marc:subfield code="P">77.14</marc:subfield><marc:subfield code="b">MED</marc:subfield><marc:subfield code="c">MED</marc:subfield><marc:subfield code="e">MED1A</marc:subfield><marc:subfield code="f">C0000409482</marc:subfield><marc:subfield code="h">AMV80ZZ</marc:subfield><marc:subfield code="k">DC/099.2 BIR</marc:subfield><marc:subfield code="o">0</marc:subfield><marc:subfield code="p">77.14</marc:subfield><marc:subfield code="r">PRETSON</marc:subfield><marc:subfield code="s">DC_099_200000000000000_BIR</marc:subfield><marc:subfield code="w">50</marc:subfield><marc:subfield code="y">2018-11-07</marc:subfield></marc:datafield></marc:record>