<marc:record><marc:leader>01615nj  a2200313   4500</marc:leader><marc:controlfield tag="001">401</marc:controlfield><marc:controlfield tag="003">http://www.mediathequederoubaix.fr/ark:/20179/KH401</marc:controlfield><marc:controlfield tag="005">20180719171505.0</marc:controlfield><marc:datafield tag="035" ind1="0" ind2="0"><marc:subfield code="a">HZ_RBX904</marc:subfield></marc:datafield><marc:datafield tag="071" ind1="0" ind2="0"><marc:subfield code="b">Arista</marc:subfield><marc:subfield code="a">07822 18699 2</marc:subfield></marc:datafield><marc:datafield tag="090" ind1=" " ind2=" "><marc:subfield code="a">401</marc:subfield></marc:datafield><marc:datafield tag="091" ind1=" " ind2=" "><marc:subfield code="a">1</marc:subfield><marc:subfield code="b">20180701</marc:subfield><marc:subfield code="c">0</marc:subfield></marc:datafield><marc:datafield tag="099" ind1=" " ind2=" "><marc:subfield code="t">DC</marc:subfield><marc:subfield code="c">2014-06-30</marc:subfield><marc:subfield code="d">2014-06-30</marc:subfield><marc:subfield code="x">11</marc:subfield></marc:datafield><marc:datafield tag="100" ind1=" " ind2=" "><marc:subfield code="a">19       1992    k  y0frey5003    ba</marc:subfield></marc:datafield><marc:datafield tag="101" ind1=" " ind2=" "><marc:subfield code="a">fre</marc:subfield></marc:datafield><marc:datafield tag="200" ind1=" " ind2=" "><marc:subfield code="a">The Bodyguard</marc:subfield><marc:subfield code="b">enr. sonore</marc:subfield><marc:subfield code="e">[B.O.F.]</marc:subfield><marc:subfield code="f">Whitney Houston</marc:subfield><marc:subfield code="g">Mick Jackson, réal.</marc:subfield><marc:subfield code="g">Kenny and Aaron Neville</marc:subfield><marc:subfield code="g">Lisa Stanfield</marc:subfield><marc:subfield code="g">The S.O.U.L. S.Y.S.T.E.M....[et al]</marc:subfield></marc:datafield><marc:datafield tag="210" ind1=" " ind2=" "><marc:subfield code="a">[München]</marc:subfield><marc:subfield code="c">BMG music international</marc:subfield><marc:subfield code="d">P 1992</marc:subfield></marc:datafield><marc:datafield tag="215" ind1=" " ind2=" "><marc:subfield code="a">1 d.c.</marc:subfield><marc:subfield code="e">1 brochure</marc:subfield></marc:datafield><marc:datafield tag="327" ind1=" " ind2=" "><marc:subfield code="a">I will Always love you ; I have nothing ; I&apos;m eve-ry woman ; Run to you ; Queen of the night ; Jesusloves me / Whitney Houston . Even if my heart wou-ld break / Kenny and Aaron Neville . Someday : I&apos;mcoming back / Lisa Stansfield . It&apos;s gonna be a lovely day / The S.O.U.L. S.Y.S.T.E.M. . (What&apos;s so funny &apos;bout) Peace love and understanding / Curtis Stigers . Waiting for you / Kenny G . Trustin me / Jœ Cocker ; Sass Jordan . Theme from The Bodyguard.</marc:subfield></marc:datafield><marc:datafield tag="339" ind1=" " ind2=" "><marc:subfield code="a">m</marc:subfield></marc:datafield><marc:datafield tag="606" ind1=" " ind2=" "><marc:subfield code="9">235982</marc:subfield><marc:subfield code="a">Musique de film</marc:subfield><marc:subfield code="x">Disques</marc:subfield></marc:datafield><marc:datafield tag="606" ind1=" " ind2=" "><marc:subfield code="9">236068</marc:subfield><marc:subfield code="a">Funk</marc:subfield><marc:subfield code="x">Disques</marc:subfield></marc:datafield><marc:datafield tag="679" ind1=" " ind2=" "><marc:subfield code="a">520</marc:subfield></marc:datafield><marc:datafield tag="701" ind1="0" ind2=" "><marc:subfield code="9">279006</marc:subfield><marc:subfield code="a">Jackson</marc:subfield><marc:subfield code="b">Mick</marc:subfield><marc:subfield code="f">1943-....</marc:subfield><marc:subfield code="4">370</marc:subfield></marc:datafield><marc:datafield tag="701" ind1="0" ind2=" "><marc:subfield code="9">148404</marc:subfield><marc:subfield code="a">Neville</marc:subfield><marc:subfield code="b">Kenny</marc:subfield></marc:datafield><marc:datafield tag="701" ind1="0" ind2=" "><marc:subfield code="9">279007</marc:subfield><marc:subfield code="a">Cocker</marc:subfield><marc:subfield code="b">Joe</marc:subfield><marc:subfield code="f">1944-2014</marc:subfield></marc:datafield><marc:datafield tag="701" ind1="0" ind2=" "><marc:subfield code="9">148406</marc:subfield><marc:subfield code="a">Jordan</marc:subfield><marc:subfield code="b">Sass</marc:subfield></marc:datafield><marc:datafield tag="711" ind1="0" ind2=" "><marc:subfield code="9">122852</marc:subfield><marc:subfield code="a">S.O.U.L. S.Y.S.T.E.M.</marc:subfield></marc:datafield><marc:datafield tag="995" ind1=" " ind2=" "><marc:subfield code="0">0</marc:subfield><marc:subfield code="2">0</marc:subfield><marc:subfield code="4">0</marc:subfield><marc:subfield code="5">2005-03-22</marc:subfield><marc:subfield code="9">505</marc:subfield><marc:subfield code="P">23.32</marc:subfield><marc:subfield code="b">MED</marc:subfield><marc:subfield code="c">MED</marc:subfield><marc:subfield code="e">MED1A</marc:subfield><marc:subfield code="f">C0000407773</marc:subfield><marc:subfield code="h">AAPCIMF</marc:subfield><marc:subfield code="k">DC/520/BOD</marc:subfield><marc:subfield code="o">0</marc:subfield><marc:subfield code="p">23.32</marc:subfield><marc:subfield code="r">PRETSON</marc:subfield><marc:subfield code="s">DC_520BOD</marc:subfield><marc:subfield code="u">VDS juin 2015</marc:subfield><marc:subfield code="w">197</marc:subfield><marc:subfield code="y">2017-09-22</marc:subfield></marc:datafield></marc:record>