<marc:record><marc:leader>01590nj  a2200277   4500</marc:leader><marc:controlfield tag="001">402</marc:controlfield><marc:controlfield tag="003">http://www.mediathequederoubaix.fr/ark:/20179/KH402</marc:controlfield><marc:controlfield tag="005">20180719171505.0</marc:controlfield><marc:datafield tag="035" ind1="0" ind2="0"><marc:subfield code="a">HZ_RBX905</marc:subfield></marc:datafield><marc:datafield tag="071" ind1="0" ind2="0"><marc:subfield code="b">Warner</marc:subfield><marc:subfield code="a">4509-91033-2</marc:subfield></marc:datafield><marc:datafield tag="090" ind1=" " ind2=" "><marc:subfield code="a">402</marc:subfield></marc:datafield><marc:datafield tag="091" ind1=" " ind2=" "><marc:subfield code="a">1</marc:subfield><marc:subfield code="b">20180701</marc:subfield><marc:subfield code="c">0</marc:subfield></marc:datafield><marc:datafield tag="099" ind1=" " ind2=" "><marc:subfield code="t">DC</marc:subfield><marc:subfield code="c">2014-06-30</marc:subfield><marc:subfield code="d">2014-06-30</marc:subfield><marc:subfield code="x">2</marc:subfield></marc:datafield><marc:datafield tag="100" ind1=" " ind2=" "><marc:subfield code="a">19       1992    k  y0frey5003    ba</marc:subfield></marc:datafield><marc:datafield tag="101" ind1=" " ind2=" "><marc:subfield code="a">fre</marc:subfield></marc:datafield><marc:datafield tag="200" ind1=" " ind2=" "><marc:subfield code="a">900</marc:subfield><marc:subfield code="b">enr.sonore</marc:subfield><marc:subfield code="f">Paolo Conte</marc:subfield></marc:datafield><marc:datafield tag="210" ind1=" " ind2=" "><marc:subfield code="a">[Italie]</marc:subfield><marc:subfield code="c">Warner Bros.</marc:subfield><marc:subfield code="d">P 1992</marc:subfield></marc:datafield><marc:datafield tag="215" ind1=" " ind2=" "><marc:subfield code="a">1 d.c.</marc:subfield><marc:subfield code="e">1 brochure</marc:subfield></marc:datafield><marc:datafield tag="322" ind1=" " ind2=" "><marc:subfield code="a">Renzo Fantini, prod.</marc:subfield></marc:datafield><marc:datafield tag="323" ind1=" " ind2=" "><marc:subfield code="a">Jino Touche, guit. b ; Massimo &quot;Max Pitz&quot; Pitzian-ti, bandoneon, saxo bariton, clar. , saxo soprano Leo Martina, synth. ; Daniele Di Gregorio, vib., batt., perc. ; James Thompson, saxo Tenot et alto ; Davide Di Gregorio, saxo tenor et alto ; Marc Laferriere, saxo soprano ; Eleonora Nervi, tuba ; Daniele &quot;Piri&quot; Dall&apos;Omo, Renzo Marino, guit. ; Massimo Dall&apos;Omo, batt. ; Massimo Barbierato, Sergio Gavioli, Roberto Cavaglione, vl ; Luciano Girardengo, vcl.</marc:subfield></marc:datafield><marc:datafield tag="327" ind1=" " ind2=" "><marc:subfield code="a">Novecento ; Il treno va ; Una di queste notti ; Pesce veloce del baltico ; La Donna della tua vita; Per quel che vale ; Inno in re bemolle ; Gong-Oh ; I giardini pensili hanno fatto il loro tempo ; Schiava del politeama ; Chiamami adesso ; Brillantina bengalese ; Do do.</marc:subfield></marc:datafield><marc:datafield tag="339" ind1=" " ind2=" "><marc:subfield code="a">m</marc:subfield></marc:datafield><marc:datafield tag="679" ind1=" " ind2=" "><marc:subfield code="a">075.7</marc:subfield></marc:datafield><marc:datafield tag="700" ind1="0" ind2=" "><marc:subfield code="9">279008</marc:subfield><marc:subfield code="a">Conte</marc:subfield><marc:subfield code="b">Paolo</marc:subfield><marc:subfield code="f">1937-....</marc:subfield></marc:datafield><marc:datafield tag="801" ind1=" " ind2="0"><marc:subfield code="a">FR</marc:subfield><marc:subfield code="b">595126101</marc:subfield><marc:subfield code="c">20050322</marc:subfield><marc:subfield code="g">AFNOR</marc:subfield></marc:datafield><marc:datafield tag="995" ind1=" " ind2=" "><marc:subfield code="0">0</marc:subfield><marc:subfield code="2">0</marc:subfield><marc:subfield code="4">0</marc:subfield><marc:subfield code="5">2005-03-22</marc:subfield><marc:subfield code="9">506</marc:subfield><marc:subfield code="P">23.32</marc:subfield><marc:subfield code="b">MED</marc:subfield><marc:subfield code="c">MED</marc:subfield><marc:subfield code="e">MED1A</marc:subfield><marc:subfield code="f">C0000407692</marc:subfield><marc:subfield code="h">AMV90ZZ</marc:subfield><marc:subfield code="k">DC/075.2 CON</marc:subfield><marc:subfield code="o">0</marc:subfield><marc:subfield code="p">23.32</marc:subfield><marc:subfield code="r">PRETSON</marc:subfield><marc:subfield code="s">DC_075_200000000000000_CON</marc:subfield><marc:subfield code="w">69</marc:subfield><marc:subfield code="y">2017-07-29</marc:subfield></marc:datafield></marc:record>