<marc:record><marc:leader>02633nj  a2200481   4500</marc:leader><marc:controlfield tag="001">404</marc:controlfield><marc:controlfield tag="003">http://www.mediathequederoubaix.fr/ark:/20179/KH404</marc:controlfield><marc:controlfield tag="005">20180719171505.0</marc:controlfield><marc:datafield tag="035" ind1="0" ind2="0"><marc:subfield code="a">HZ_RBX909</marc:subfield></marc:datafield><marc:datafield tag="071" ind1="0" ind2="0"><marc:subfield code="a">BUTA 01</marc:subfield></marc:datafield><marc:datafield tag="090" ind1=" " ind2=" "><marc:subfield code="a">404</marc:subfield></marc:datafield><marc:datafield tag="091" ind1=" " ind2=" "><marc:subfield code="a">1</marc:subfield><marc:subfield code="b">20180701</marc:subfield><marc:subfield code="c">0</marc:subfield></marc:datafield><marc:datafield tag="099" ind1=" " ind2=" "><marc:subfield code="t">DC</marc:subfield><marc:subfield code="c">2014-06-30</marc:subfield><marc:subfield code="d">2014-06-30</marc:subfield><marc:subfield code="x">0</marc:subfield></marc:datafield><marc:datafield tag="100" ind1=" " ind2=" "><marc:subfield code="a">19       1993    k  y0frey5003    ba</marc:subfield></marc:datafield><marc:datafield tag="101" ind1=" " ind2=" "><marc:subfield code="a">fre</marc:subfield></marc:datafield><marc:datafield tag="200" ind1=" " ind2=" "><marc:subfield code="a">Klecvak</marc:subfield><marc:subfield code="b">Enr. sonore</marc:subfield><marc:subfield code="a">Pour applaudir ...</marc:subfield><marc:subfield code="a">Féminin pluriel...[etc]</marc:subfield><marc:subfield code="f">Jo Butagaz et ses Brûleurs</marc:subfield></marc:datafield><marc:datafield tag="210" ind1=" " ind2=" "><marc:subfield code="d">[1993]</marc:subfield></marc:datafield><marc:datafield tag="215" ind1=" " ind2=" "><marc:subfield code="a">1 d.c.</marc:subfield><marc:subfield code="e">1 brochure (n.p.) : ill. ; 12 cm.</marc:subfield></marc:datafield><marc:datafield tag="301" ind1=" " ind2=" "><marc:subfield code="a">autoproduction</marc:subfield></marc:datafield><marc:datafield tag="305" ind1=" " ind2=" "><marc:subfield code="a">Enr. et mixé au Studio Erison, Leulinghem les Est-rehem</marc:subfield></marc:datafield><marc:datafield tag="306" ind1=" " ind2=" "><marc:subfield code="a">[1993] d&apos;après la date d&apos;achat</marc:subfield></marc:datafield><marc:datafield tag="314" ind1=" " ind2=" "><marc:subfield code="a">Avec la collaboration de la Ville de Villeneuve d&apos;Ascq (Nord)</marc:subfield></marc:datafield><marc:datafield tag="322" ind1=" " ind2=" "><marc:subfield code="a">Yves Decarpigny, enr., mixage.</marc:subfield></marc:datafield><marc:datafield tag="323" ind1=" " ind2=" "><marc:subfield code="a">Eric Bleuzé, chant, fl, guit., bruitages ; Rachid Khadda, guit. b, chant, bruitages ; Gilles Soulier, perc., claviers, chœurs,bruitages ; Frédéric Moreau, guit., chœurs, bruitages ; Pascal Vigou- roux, claviers, bruitages. Avec la participation de Valérie Maguin (cris) sur Féminin Pluriel</marc:subfield></marc:datafield><marc:datafield tag="327" ind1=" " ind2=" "><marc:subfield code="a">aussi : Où sont passés les Babas ?</marc:subfield><marc:subfield code="a">Le cave de Saint Germain</marc:subfield><marc:subfield code="a">Triangle</marc:subfield><marc:subfield code="a">Tu es si belle</marc:subfield><marc:subfield code="a">Charcutriste</marc:subfield><marc:subfield code="a">T&apos;en souviens-tu ?</marc:subfield><marc:subfield code="a">Gospoule</marc:subfield><marc:subfield code="a">La colère de la haine</marc:subfield><marc:subfield code="a">Jo-çi, Jo-là</marc:subfield><marc:subfield code="a">Bistrot</marc:subfield><marc:subfield code="a">Rapraprap rapmouche</marc:subfield><marc:subfield code="a">Cinquante cinq secondes : [extr. Te Deum de Charpentier, extr. de Mission Impossible (Schifrin), extr. d&apos;Histoires sans paroles de J. Wiener</marc:subfield></marc:datafield><marc:datafield tag="339" ind1=" " ind2=" "><marc:subfield code="a">m</marc:subfield></marc:datafield><marc:datafield tag="606" ind1=" " ind2=" "><marc:subfield code="a">Chansons françaises</marc:subfield><marc:subfield code="x">Disques</marc:subfield><marc:subfield code="2">rameau</marc:subfield></marc:datafield><marc:datafield tag="606" ind1=" " ind2=" "><marc:subfield code="a">Rock (musique)</marc:subfield><marc:subfield code="y">France</marc:subfield><marc:subfield code="y">Lille (Nord)</marc:subfield><marc:subfield code="x">Disques</marc:subfield><marc:subfield code="2">rameau</marc:subfield></marc:datafield><marc:datafield tag="606" ind1=" " ind2=" "><marc:subfield code="7">ba0yba0y</marc:subfield><marc:subfield code="8">fre   </marc:subfield><marc:subfield code="3">11931149</marc:subfield><marc:subfield code="9">704</marc:subfield><marc:subfield code="a">Chansons humoristiques</marc:subfield><marc:subfield code="x">Disques</marc:subfield><marc:subfield code="2">rameau</marc:subfield></marc:datafield><marc:datafield tag="679" ind1=" " ind2=" "><marc:subfield code="a">099.2</marc:subfield></marc:datafield><marc:datafield tag="606" ind1=" " ind2=" "><marc:subfield code="7">ba0yba0y</marc:subfield><marc:subfield code="8">fre   </marc:subfield><marc:subfield code="a">Chansons satiriques</marc:subfield><marc:subfield code="3">12408164</marc:subfield><marc:subfield code="9">703</marc:subfield><marc:subfield code="x">Disques</marc:subfield><marc:subfield code="2">rameau</marc:subfield></marc:datafield><marc:datafield tag="701" ind1="0" ind2=" "><marc:subfield code="9">279009</marc:subfield><marc:subfield code="a">Bleuzé</marc:subfield><marc:subfield code="b">Éric</marc:subfield><marc:subfield code="f">19..-....</marc:subfield><marc:subfield code="c">artiste</marc:subfield></marc:datafield><marc:datafield tag="701" ind1="0" ind2=" "><marc:subfield code="9">148409</marc:subfield><marc:subfield code="a">Khadda</marc:subfield><marc:subfield code="b">Rachid</marc:subfield></marc:datafield><marc:datafield tag="701" ind1="0" ind2=" "><marc:subfield code="9">148410</marc:subfield><marc:subfield code="a">Soulier</marc:subfield><marc:subfield code="b">Gilles</marc:subfield></marc:datafield><marc:datafield tag="701" ind1="0" ind2=" "><marc:subfield code="9">148411</marc:subfield><marc:subfield code="a">Moreau</marc:subfield><marc:subfield code="b">Frédéric</marc:subfield></marc:datafield><marc:datafield tag="701" ind1="0" ind2=" "><marc:subfield code="9">148412</marc:subfield><marc:subfield code="a">Vigouroux</marc:subfield><marc:subfield code="b">Pascal</marc:subfield></marc:datafield><marc:datafield tag="702" ind1="0" ind2=" "><marc:subfield code="9">148413</marc:subfield><marc:subfield code="a">Maguin</marc:subfield><marc:subfield code="b">Valérie</marc:subfield></marc:datafield><marc:datafield tag="702" ind1="0" ind2=" "><marc:subfield code="9">148414</marc:subfield><marc:subfield code="a">Decarpigny</marc:subfield><marc:subfield code="b">Yves</marc:subfield></marc:datafield><marc:datafield tag="710" ind1="0" ind2=" "><marc:subfield code="9">122853</marc:subfield><marc:subfield code="a">Jo Butagaz et ses Brûleurs</marc:subfield></marc:datafield><marc:datafield tag="801" ind1=" " ind2="0"><marc:subfield code="a">FR</marc:subfield><marc:subfield code="b">595126101</marc:subfield><marc:subfield code="c">20070828</marc:subfield><marc:subfield code="g">AFNOR</marc:subfield></marc:datafield><marc:datafield tag="930" ind1=" " ind2=" "><marc:subfield code="5">595126101:C0000408143</marc:subfield><marc:subfield code="b">595126101</marc:subfield><marc:subfield code="a">FLRSON DC/284</marc:subfield><marc:subfield code="e">Fonds local et régional sonore</marc:subfield></marc:datafield><marc:datafield tag="995" ind1=" " ind2=" "><marc:subfield code="0">0</marc:subfield><marc:subfield code="2">0</marc:subfield><marc:subfield code="4">0</marc:subfield><marc:subfield code="5">2005-03-22</marc:subfield><marc:subfield code="9">508</marc:subfield><marc:subfield code="P">20.89</marc:subfield><marc:subfield code="b">MED</marc:subfield><marc:subfield code="c">MED</marc:subfield><marc:subfield code="e">MED3C</marc:subfield><marc:subfield code="f">C0001371721</marc:subfield><marc:subfield code="h">PENRSZZ</marc:subfield><marc:subfield code="k">FLRSON DC/627</marc:subfield><marc:subfield code="o">2</marc:subfield><marc:subfield code="p">20.89</marc:subfield><marc:subfield code="r">PRETSON</marc:subfield><marc:subfield code="s">FLRSON_DC627</marc:subfield><marc:subfield code="y">2014-06-30</marc:subfield></marc:datafield><marc:datafield tag="995" ind1=" " ind2=" "><marc:subfield code="0">0</marc:subfield><marc:subfield code="2">0</marc:subfield><marc:subfield code="4">0</marc:subfield><marc:subfield code="5">2005-03-22</marc:subfield><marc:subfield code="9">509</marc:subfield><marc:subfield code="P">20.89</marc:subfield><marc:subfield code="b">MED</marc:subfield><marc:subfield code="c">MED</marc:subfield><marc:subfield code="e">MED3C</marc:subfield><marc:subfield code="f">C0000408143</marc:subfield><marc:subfield code="h">PENRSZZ</marc:subfield><marc:subfield code="k">FLRSON DC/284</marc:subfield><marc:subfield code="o">2</marc:subfield><marc:subfield code="p">20.89</marc:subfield><marc:subfield code="r">PRETSON</marc:subfield><marc:subfield code="s">FLRSON_DC284</marc:subfield><marc:subfield code="y">2014-06-30</marc:subfield></marc:datafield></marc:record>