<marc:record><marc:leader>01707nj  a2200325   4500</marc:leader><marc:controlfield tag="001">405</marc:controlfield><marc:controlfield tag="003">http://www.mediathequederoubaix.fr/ark:/20179/KH405</marc:controlfield><marc:controlfield tag="005">20180701143319.0</marc:controlfield><marc:datafield tag="035" ind1="0" ind2="0"><marc:subfield code="a">HZ_RBX910</marc:subfield></marc:datafield><marc:datafield tag="071" ind1="0" ind2="0"><marc:subfield code="b">Hescé</marc:subfield><marc:subfield code="a">191099-2</marc:subfield></marc:datafield><marc:datafield tag="090" ind1=" " ind2=" "><marc:subfield code="a">405</marc:subfield></marc:datafield><marc:datafield tag="091" ind1=" " ind2=" "><marc:subfield code="a">1</marc:subfield><marc:subfield code="b">20180701</marc:subfield><marc:subfield code="c">0</marc:subfield></marc:datafield><marc:datafield tag="099" ind1=" " ind2=" "><marc:subfield code="t">DC</marc:subfield><marc:subfield code="c">2014-06-30</marc:subfield><marc:subfield code="d">2014-06-30</marc:subfield><marc:subfield code="x">0</marc:subfield></marc:datafield><marc:datafield tag="100" ind1=" " ind2=" "><marc:subfield code="a">19       1992    k  y0frey5003    ba</marc:subfield></marc:datafield><marc:datafield tag="101" ind1=" " ind2=" "><marc:subfield code="a">fre</marc:subfield></marc:datafield><marc:datafield tag="200" ind1=" " ind2=" "><marc:subfield code="a">Pojade, do Polski</marc:subfield><marc:subfield code="d">J&apos;irai en Pologne</marc:subfield><marc:subfield code="b">Enr. sonore</marc:subfield><marc:subfield code="f">Stéphane et Christian Kubiak Orchestra</marc:subfield></marc:datafield><marc:datafield tag="210" ind1=" " ind2=" "><marc:subfield code="d">P 1992</marc:subfield></marc:datafield><marc:datafield tag="215" ind1=" " ind2=" "><marc:subfield code="a">1 d.c.</marc:subfield></marc:datafield><marc:datafield tag="327" ind1=" " ind2=" "><marc:subfield code="a">Pojade, do Polski = J&apos;irai en Pologne</marc:subfield><marc:subfield code="a">Drewniaki = Les sabots</marc:subfield><marc:subfield code="a">Czys ty chlopie oszalal ? = Es-tu-devenu fou ?</marc:subfield><marc:subfield code="a">Spojrz = regarde</marc:subfield><marc:subfield code="a">Wspomnienia z Grecji = Souvenirs de Grèce</marc:subfield><marc:subfield code="a">I to i owo = Et ceci et cela</marc:subfield><marc:subfield code="a">Gdzie sie chlopcy kapali = Là ou les garçons se baignaient</marc:subfield><marc:subfield code="a">Kto pije i pali = Qui boit et qui fume</marc:subfield><marc:subfield code="a">Madre panny = Jeunes filles rusées</marc:subfield><marc:subfield code="a">Odeszlas jak sen = Tu es partie comme un rêve</marc:subfield><marc:subfield code="a">Mandzurski-dumbalalaïka</marc:subfield><marc:subfield code="a">Charchary</marc:subfield><marc:subfield code="a">Marie, la polonaise</marc:subfield></marc:datafield><marc:datafield tag="339" ind1=" " ind2=" "><marc:subfield code="a">m</marc:subfield></marc:datafield><marc:datafield tag="606" ind1=" " ind2=" "><marc:subfield code="2">rameau</marc:subfield><marc:subfield code="a">Musique de danse</marc:subfield><marc:subfield code="x">Disques</marc:subfield></marc:datafield><marc:datafield tag="606" ind1=" " ind2=" "><marc:subfield code="2">rameau</marc:subfield><marc:subfield code="a">Polkas</marc:subfield><marc:subfield code="x">Disques</marc:subfield></marc:datafield><marc:datafield tag="606" ind1=" " ind2=" "><marc:subfield code="2">rameau</marc:subfield><marc:subfield code="a">Musique traditionnelle</marc:subfield><marc:subfield code="y">Pologne</marc:subfield><marc:subfield code="x">Disques</marc:subfield></marc:datafield><marc:datafield tag="679" ind1=" " ind2=" "><marc:subfield code="a">571</marc:subfield></marc:datafield><marc:datafield tag="700" ind1="0" ind2=" "><marc:subfield code="9">718</marc:subfield><marc:subfield code="7">ba0yba0y</marc:subfield><marc:subfield code="8">fre   </marc:subfield><marc:subfield code="3">14194991</marc:subfield><marc:subfield code="7">ba0yba0y</marc:subfield><marc:subfield code="8">fre   </marc:subfield><marc:subfield code="a">Kubiak</marc:subfield><marc:subfield code="b">Stéphane</marc:subfield><marc:subfield code="f">1929-2007</marc:subfield></marc:datafield><marc:datafield tag="701" ind1="0" ind2=" "><marc:subfield code="9">716</marc:subfield><marc:subfield code="7">ba0yba0y</marc:subfield><marc:subfield code="8">fre   </marc:subfield><marc:subfield code="3">14018048</marc:subfield><marc:subfield code="7">ba0yba0y</marc:subfield><marc:subfield code="8">fre   </marc:subfield><marc:subfield code="a">Kubiak</marc:subfield><marc:subfield code="b">Christian</marc:subfield><marc:subfield code="f">1963-....</marc:subfield></marc:datafield><marc:datafield tag="711" ind1="0" ind2=" "><marc:subfield code="9">122854</marc:subfield><marc:subfield code="a">Christian Kubiak Orchestra</marc:subfield></marc:datafield><marc:datafield tag="801" ind1=" " ind2="0"><marc:subfield code="a">FR</marc:subfield><marc:subfield code="b">595126101</marc:subfield><marc:subfield code="c">20070828</marc:subfield><marc:subfield code="g">AFNOR</marc:subfield></marc:datafield><marc:datafield tag="930" ind1=" " ind2=" "><marc:subfield code="5">595126101:C0000408208</marc:subfield><marc:subfield code="b">595126101</marc:subfield><marc:subfield code="a">FLRSON DC/360</marc:subfield><marc:subfield code="e">Fonds local et régional sonore</marc:subfield></marc:datafield><marc:datafield tag="995" ind1=" " ind2=" "><marc:subfield code="0">0</marc:subfield><marc:subfield code="2">0</marc:subfield><marc:subfield code="4">0</marc:subfield><marc:subfield code="5">2005-03-22</marc:subfield><marc:subfield code="9">510</marc:subfield><marc:subfield code="P">22.26</marc:subfield><marc:subfield code="b">MED</marc:subfield><marc:subfield code="c">MED</marc:subfield><marc:subfield code="e">MED3C</marc:subfield><marc:subfield code="f">C0000408208</marc:subfield><marc:subfield code="h">PENRSZZ</marc:subfield><marc:subfield code="k">FLRSON DC/360</marc:subfield><marc:subfield code="o">2</marc:subfield><marc:subfield code="p">22.26</marc:subfield><marc:subfield code="r">PRETSON</marc:subfield><marc:subfield code="s">FLRSON_DC360</marc:subfield><marc:subfield code="y">2014-06-30</marc:subfield></marc:datafield></marc:record>