<marc:record><marc:leader>01440nj  a2200313   4500</marc:leader><marc:controlfield tag="001">406</marc:controlfield><marc:controlfield tag="003">http://www.mediathequederoubaix.fr/ark:/20179/KH406</marc:controlfield><marc:controlfield tag="005">20180701143319.0</marc:controlfield><marc:datafield tag="035" ind1="0" ind2="0"><marc:subfield code="a">HZ_RBX911</marc:subfield></marc:datafield><marc:datafield tag="071" ind1="0" ind2="0"><marc:subfield code="b">MPH</marc:subfield><marc:subfield code="a">6204C</marc:subfield></marc:datafield><marc:datafield tag="090" ind1=" " ind2=" "><marc:subfield code="a">406</marc:subfield></marc:datafield><marc:datafield tag="091" ind1=" " ind2=" "><marc:subfield code="a">1</marc:subfield><marc:subfield code="b">20180701</marc:subfield><marc:subfield code="c">0</marc:subfield></marc:datafield><marc:datafield tag="099" ind1=" " ind2=" "><marc:subfield code="t">DC</marc:subfield><marc:subfield code="c">2014-06-30</marc:subfield><marc:subfield code="d">2014-06-30</marc:subfield><marc:subfield code="x">0</marc:subfield></marc:datafield><marc:datafield tag="100" ind1=" " ind2=" "><marc:subfield code="a">19       1993    k  y0frey5003    ba</marc:subfield></marc:datafield><marc:datafield tag="101" ind1=" " ind2=" "><marc:subfield code="a">fre</marc:subfield></marc:datafield><marc:datafield tag="200" ind1=" " ind2=" "><marc:subfield code="a">Bonjour chérie</marc:subfield><marc:subfield code="b">Enr. sonore</marc:subfield><marc:subfield code="f">Patrick et Nadine Malewicz</marc:subfield></marc:datafield><marc:datafield tag="210" ind1=" " ind2=" "><marc:subfield code="d">[1993]</marc:subfield></marc:datafield><marc:datafield tag="215" ind1=" " ind2=" "><marc:subfield code="a">1 d.c.</marc:subfield></marc:datafield><marc:datafield tag="327" ind1=" " ind2=" "><marc:subfield code="a">Bonjour chérie : slow trad.</marc:subfield><marc:subfield code="a">Gracias amor : polka mexicaine</marc:subfield><marc:subfield code="a">Sissi : valse</marc:subfield><marc:subfield code="a">Toi, rien que toi : slow</marc:subfield><marc:subfield code="a">Au festival : Polka</marc:subfield><marc:subfield code="a">Sail along : le vent du large : slow</marc:subfield><marc:subfield code="a">Yandale : valse mexicaine</marc:subfield><marc:subfield code="a">Notre rencontre : slow yougoslave</marc:subfield><marc:subfield code="a">Fête au Tyrol : polka tyrolienne</marc:subfield><marc:subfield code="a">Le forestier : valse</marc:subfield><marc:subfield code="a">My love : tango</marc:subfield><marc:subfield code="a">La boumba dance : jerk</marc:subfield><marc:subfield code="a">La valse du paysan</marc:subfield><marc:subfield code="a">Nadine : slow</marc:subfield><marc:subfield code="a">Jusqu&apos;au matin : polka</marc:subfield></marc:datafield><marc:datafield tag="339" ind1=" " ind2=" "><marc:subfield code="a">m</marc:subfield></marc:datafield><marc:datafield tag="606" ind1=" " ind2=" "><marc:subfield code="9">236073</marc:subfield><marc:subfield code="a">Musique de danse</marc:subfield><marc:subfield code="x">Disques</marc:subfield></marc:datafield><marc:datafield tag="606" ind1=" " ind2=" "><marc:subfield code="9">236074</marc:subfield><marc:subfield code="a">Polkas</marc:subfield><marc:subfield code="x">Disques</marc:subfield></marc:datafield><marc:datafield tag="606" ind1=" " ind2=" "><marc:subfield code="9">236075</marc:subfield><marc:subfield code="a">Musique traditionnelle</marc:subfield><marc:subfield code="y">Pologne</marc:subfield><marc:subfield code="x">Disques</marc:subfield></marc:datafield><marc:datafield tag="679" ind1=" " ind2=" "><marc:subfield code="a">570</marc:subfield></marc:datafield><marc:datafield tag="701" ind1="0" ind2=" "><marc:subfield code="9">148415</marc:subfield><marc:subfield code="a">Malewicz</marc:subfield><marc:subfield code="b">Patrick</marc:subfield></marc:datafield><marc:datafield tag="701" ind1="0" ind2=" "><marc:subfield code="9">148416</marc:subfield><marc:subfield code="a">Malewicz</marc:subfield><marc:subfield code="b">Nadine</marc:subfield></marc:datafield><marc:datafield tag="801" ind1=" " ind2="0"><marc:subfield code="a">FR</marc:subfield><marc:subfield code="b">595126101</marc:subfield><marc:subfield code="c">20070828</marc:subfield><marc:subfield code="g">AFNOR</marc:subfield></marc:datafield><marc:datafield tag="930" ind1=" " ind2=" "><marc:subfield code="5">595126101:C0000408096</marc:subfield><marc:subfield code="b">595126101</marc:subfield><marc:subfield code="a">FLRSON DC/361</marc:subfield><marc:subfield code="e">Fonds local et régional sonore</marc:subfield></marc:datafield><marc:datafield tag="995" ind1=" " ind2=" "><marc:subfield code="0">0</marc:subfield><marc:subfield code="2">0</marc:subfield><marc:subfield code="4">0</marc:subfield><marc:subfield code="5">2005-03-22</marc:subfield><marc:subfield code="9">511</marc:subfield><marc:subfield code="P">18.60</marc:subfield><marc:subfield code="b">MED</marc:subfield><marc:subfield code="c">MED</marc:subfield><marc:subfield code="e">MED3C</marc:subfield><marc:subfield code="f">C0000408096</marc:subfield><marc:subfield code="h">PENRSZZ</marc:subfield><marc:subfield code="k">FLRSON DC/361</marc:subfield><marc:subfield code="o">2</marc:subfield><marc:subfield code="p">18.60</marc:subfield><marc:subfield code="r">PRETSON</marc:subfield><marc:subfield code="s">FLRSON_DC361</marc:subfield><marc:subfield code="y">2014-06-30</marc:subfield></marc:datafield></marc:record>