<marc:record><marc:leader>02112nj  a2200385   4500</marc:leader><marc:controlfield tag="001">407</marc:controlfield><marc:controlfield tag="003">http://www.mediathequederoubaix.fr/ark:/20179/KH407</marc:controlfield><marc:controlfield tag="005">20180701143319.0</marc:controlfield><marc:datafield tag="035" ind1="0" ind2="0"><marc:subfield code="a">HZ_RBX912</marc:subfield></marc:datafield><marc:datafield tag="071" ind1="0" ind2="0"><marc:subfield code="b">Musidisc</marc:subfield><marc:subfield code="a">198 992</marc:subfield></marc:datafield><marc:datafield tag="090" ind1=" " ind2=" "><marc:subfield code="a">407</marc:subfield></marc:datafield><marc:datafield tag="091" ind1=" " ind2=" "><marc:subfield code="a">1</marc:subfield><marc:subfield code="b">20180701</marc:subfield><marc:subfield code="c">0</marc:subfield></marc:datafield><marc:datafield tag="099" ind1=" " ind2=" "><marc:subfield code="t">DC</marc:subfield><marc:subfield code="c">2014-06-30</marc:subfield><marc:subfield code="d">2014-06-30</marc:subfield><marc:subfield code="x">0</marc:subfield></marc:datafield><marc:datafield tag="100" ind1=" " ind2=" "><marc:subfield code="a">19       1992    k  y0frey5003    ba</marc:subfield></marc:datafield><marc:datafield tag="101" ind1=" " ind2=" "><marc:subfield code="a">fre</marc:subfield></marc:datafield><marc:datafield tag="200" ind1=" " ind2=" "><marc:subfield code="a">Tanczmy do switu</marc:subfield><marc:subfield code="d">Dansons jusqu&apos;à l&apos;aube</marc:subfield><marc:subfield code="b">Enr. sonore</marc:subfield><marc:subfield code="f">Marcel et Hervé Bardzinski</marc:subfield></marc:datafield><marc:datafield tag="210" ind1=" " ind2=" "><marc:subfield code="a">[sans lieu]</marc:subfield><marc:subfield code="c">LPA</marc:subfield><marc:subfield code="c">Musidisc [Distrib.]</marc:subfield><marc:subfield code="d">P 1992</marc:subfield></marc:datafield><marc:datafield tag="215" ind1=" " ind2=" "><marc:subfield code="a">1 d.c.</marc:subfield></marc:datafield><marc:datafield tag="323" ind1=" " ind2=" "><marc:subfield code="a">L&apos;ensemble de Marcel et Hervé Bardzinski est composé de : Marcel et Hervé Bardzinski ; Boguslaw Galuszka ; Aloïs Helinski ; Jean Mackowiak ; Jacky Gruntowy ; Annie Skryzak</marc:subfield></marc:datafield><marc:datafield tag="327" ind1=" " ind2=" "><marc:subfield code="a">Zlwowa polka = Polka de Lwow : Polka</marc:subfield><marc:subfield code="a">Hej tam za gora = Derrière la colline : Oberek</marc:subfield><marc:subfield code="a">Sérénade de Schubert : Polka</marc:subfield><marc:subfield code="a">I jo se tysz musiol = Et moi aussi je voulais : Polka</marc:subfield><marc:subfield code="a">Wiazanka polskich walczykow = Medley de valses polonaises : Valse</marc:subfield><marc:subfield code="a">Manuella : Slow-rock</marc:subfield><marc:subfield code="a">Katinka : Czardas</marc:subfield><marc:subfield code="a">Iskra polka : Polka</marc:subfield><marc:subfield code="a">Wilanowski : Oberek</marc:subfield><marc:subfield code="a">Kwiat paproci = Fleur de fougères : Tango</marc:subfield><marc:subfield code="a">Gdzie idiesz moja piekna ? Où vas tu ma belle ? : Polka mexicaine</marc:subfield><marc:subfield code="a">Posrod altany = Sous la tonnelle : Valse</marc:subfield><marc:subfield code="a">Polka Michalowa = Michèle polka : Polka</marc:subfield><marc:subfield code="a">Piosenki ktore kasdy pamienta = Mèlodies de nos souvenir : Valse</marc:subfield><marc:subfield code="a">Wesola Zosia = Joyeuse Sophie : Polka</marc:subfield></marc:datafield><marc:datafield tag="339" ind1=" " ind2=" "><marc:subfield code="a">m</marc:subfield></marc:datafield><marc:datafield tag="541" ind1=" " ind2=" "><marc:subfield code="a">Dansons jusqu&apos;à l&apos;aube</marc:subfield></marc:datafield><marc:datafield tag="606" ind1=" " ind2=" "><marc:subfield code="9">236073</marc:subfield><marc:subfield code="a">Musique de danse</marc:subfield><marc:subfield code="x">Disques</marc:subfield></marc:datafield><marc:datafield tag="606" ind1=" " ind2=" "><marc:subfield code="9">236075</marc:subfield><marc:subfield code="a">Musique traditionnelle</marc:subfield><marc:subfield code="y">Pologne</marc:subfield><marc:subfield code="x">Disques</marc:subfield></marc:datafield><marc:datafield tag="606" ind1=" " ind2=" "><marc:subfield code="9">236074</marc:subfield><marc:subfield code="a">Polkas</marc:subfield><marc:subfield code="x">Disques</marc:subfield></marc:datafield><marc:datafield tag="679" ind1=" " ind2=" "><marc:subfield code="a">571</marc:subfield></marc:datafield><marc:datafield tag="701" ind1="0" ind2=" "><marc:subfield code="9">148417</marc:subfield><marc:subfield code="a">Bardzinski</marc:subfield><marc:subfield code="b">Hervé</marc:subfield></marc:datafield><marc:datafield tag="701" ind1="0" ind2=" "><marc:subfield code="9">148418</marc:subfield><marc:subfield code="a">Skryzak</marc:subfield><marc:subfield code="b">Annie</marc:subfield></marc:datafield><marc:datafield tag="701" ind1="0" ind2=" "><marc:subfield code="9">148419</marc:subfield><marc:subfield code="a">Galuska</marc:subfield><marc:subfield code="b">Boguslaw</marc:subfield></marc:datafield><marc:datafield tag="701" ind1="0" ind2=" "><marc:subfield code="9">148420</marc:subfield><marc:subfield code="a">Helinski</marc:subfield><marc:subfield code="b">Aloïs</marc:subfield></marc:datafield><marc:datafield tag="701" ind1="0" ind2=" "><marc:subfield code="9">148421</marc:subfield><marc:subfield code="a">Mackowiak</marc:subfield><marc:subfield code="b">Jean</marc:subfield></marc:datafield><marc:datafield tag="701" ind1="0" ind2=" "><marc:subfield code="9">148422</marc:subfield><marc:subfield code="a">Gruntowy</marc:subfield><marc:subfield code="b">Jacky</marc:subfield></marc:datafield><marc:datafield tag="701" ind1="0" ind2=" "><marc:subfield code="9">148423</marc:subfield><marc:subfield code="a">Bardzinski</marc:subfield><marc:subfield code="b">Marcel</marc:subfield></marc:datafield><marc:datafield tag="710" ind1="0" ind2=" "><marc:subfield code="9">122855</marc:subfield><marc:subfield code="a">Ensemble Marcel et Hervé Bardzinski</marc:subfield></marc:datafield><marc:datafield tag="995" ind1=" " ind2=" "><marc:subfield code="0">0</marc:subfield><marc:subfield code="2">0</marc:subfield><marc:subfield code="4">0</marc:subfield><marc:subfield code="5">2005-03-22</marc:subfield><marc:subfield code="9">512</marc:subfield><marc:subfield code="P">23.17</marc:subfield><marc:subfield code="b">MED</marc:subfield><marc:subfield code="c">MED</marc:subfield><marc:subfield code="e">MED3C</marc:subfield><marc:subfield code="f">C0000413025</marc:subfield><marc:subfield code="h">PENRSZZ</marc:subfield><marc:subfield code="k">FLRSON DC/378</marc:subfield><marc:subfield code="o">2</marc:subfield><marc:subfield code="p">23.17</marc:subfield><marc:subfield code="r">PRETSON</marc:subfield><marc:subfield code="s">FLRSON_DC378</marc:subfield><marc:subfield code="y">2014-06-30</marc:subfield></marc:datafield></marc:record>