<marc:record><marc:leader>02041nam  2200433   4500</marc:leader><marc:controlfield tag="001">411</marc:controlfield><marc:controlfield tag="003">http://www.mediathequederoubaix.fr/ark:/20179/KH411</marc:controlfield><marc:datafield tag="010" ind1=" " ind2=" "><marc:subfield code="a">2-87660-047-1</marc:subfield></marc:datafield><marc:datafield tag="020" ind1=" " ind2=" "><marc:subfield code="a">FR</marc:subfield><marc:subfield code="b">09006710</marc:subfield></marc:datafield><marc:datafield tag="021" ind1=" " ind2=" "><marc:subfield code="a">FR</marc:subfield><marc:subfield code="b">DL 89-28709</marc:subfield></marc:datafield><marc:datafield tag="033" ind1=" " ind2=" "><marc:subfield code="a">http://catalogue.bnf.fr/ark:/12148/cb35052544k</marc:subfield></marc:datafield><marc:datafield tag="035" ind1=" " ind2=" "><marc:subfield code="a">FRBNF350525440000001</marc:subfield></marc:datafield><marc:datafield tag="039" ind1=" " ind2=" "><marc:subfield code="o">OPL</marc:subfield><marc:subfield code="a">007520968</marc:subfield></marc:datafield><marc:datafield tag="090" ind1=" " ind2=" "><marc:subfield code="a">411</marc:subfield></marc:datafield><marc:datafield tag="091" ind1=" " ind2=" "><marc:subfield code="b">20180701</marc:subfield><marc:subfield code="c">1</marc:subfield><marc:subfield code="a">2</marc:subfield></marc:datafield><marc:datafield tag="099" ind1=" " ind2=" "><marc:subfield code="t">LI</marc:subfield><marc:subfield code="c">2014-06-30</marc:subfield><marc:subfield code="d">2014-06-30</marc:subfield><marc:subfield code="x">1</marc:subfield></marc:datafield><marc:datafield tag="100" ind1=" " ind2=" "><marc:subfield code="a">19900126d1989    m  y0frey50      ba</marc:subfield></marc:datafield><marc:datafield tag="101" ind1="1" ind2=" "><marc:subfield code="a">fre</marc:subfield><marc:subfield code="c">eng</marc:subfield></marc:datafield><marc:datafield tag="102" ind1=" " ind2=" "><marc:subfield code="a">FR</marc:subfield></marc:datafield><marc:datafield tag="105" ind1=" " ind2=" "><marc:subfield code="a">a   z   00|y|</marc:subfield></marc:datafield><marc:datafield tag="106" ind1=" " ind2=" "><marc:subfield code="a">r</marc:subfield></marc:datafield><marc:datafield tag="200" ind1="1" ind2=" "><marc:subfield code="a">Georgia O&apos;Keeffe</marc:subfield><marc:subfield code="b">Texte imprimé</marc:subfield><marc:subfield code="f">Julia Kristeva, Jack Cowart, Juan Hamilton</marc:subfield><marc:subfield code="g">[trad. par Martine Laroche]</marc:subfield></marc:datafield><marc:datafield tag="210" ind1=" " ind2=" "><marc:subfield code="a">Paris</marc:subfield><marc:subfield code="c">A. Biro</marc:subfield><marc:subfield code="d">1989</marc:subfield><marc:subfield code="e">18-Saint-Amand</marc:subfield><marc:subfield code="g">Impr. Clerc</marc:subfield></marc:datafield><marc:datafield tag="215" ind1=" " ind2=" "><marc:subfield code="a">263 p.</marc:subfield><marc:subfield code="c">ill. en coul.</marc:subfield><marc:subfield code="d">33 cm</marc:subfield></marc:datafield><marc:datafield tag="300" ind1=" " ind2=" "><marc:subfield code="a">Trad. française du catalogue de l&apos;exposition présentée à la National gallery of art, Washington, à l&apos;Art institute of Chicago, au Dallas museum of art et au Metropolitan museum of art, New York, 1er novembre 1987-5 février 1989</marc:subfield></marc:datafield><marc:datafield tag="300" ind1=" " ind2=" "><marc:subfield code="a">Le texte de J. Kristeva est propre à l&apos;éd. française</marc:subfield></marc:datafield><marc:datafield tag="300" ind1=" " ind2=" "><marc:subfield code="a">En appendice, lettres de G. O&apos;Keeffe choisies et annotées par Sarah Greenough</marc:subfield></marc:datafield><marc:datafield tag="300" ind1=" " ind2=" "><marc:subfield code="a">Index</marc:subfield></marc:datafield><marc:datafield tag="339" ind1=" " ind2=" "><marc:subfield code="a">m</marc:subfield></marc:datafield><marc:datafield tag="454" ind1=" " ind2="1"><marc:subfield code="t">Georgia O&apos;Keeffe : arts and letters</marc:subfield></marc:datafield><marc:datafield tag="600" ind1=" " ind2=" "><marc:subfield code="3">12081987</marc:subfield><marc:subfield code="9">730</marc:subfield><marc:subfield code="a">O&apos;Keeffe</marc:subfield><marc:subfield code="b">Georgia</marc:subfield><marc:subfield code="f">1887-1986</marc:subfield><marc:subfield code="2">rameau</marc:subfield></marc:datafield><marc:datafield tag="676" ind1=" " ind2=" "><marc:subfield code="a">759.13</marc:subfield><marc:subfield code="v">22</marc:subfield></marc:datafield><marc:datafield tag="686" ind1=" " ind2=" "><marc:subfield code="a">70 </marc:subfield><marc:subfield code="2">Cadre de classement de la Bibliographie nationale française</marc:subfield></marc:datafield><marc:datafield tag="700" ind1=" " ind2=" "><marc:subfield code="3">11910116</marc:subfield><marc:subfield code="9">731</marc:subfield><marc:subfield code="a">Kristeva</marc:subfield><marc:subfield code="b">Julia</marc:subfield><marc:subfield code="f">1941-....</marc:subfield><marc:subfield code="4">070</marc:subfield></marc:datafield><marc:datafield tag="701" ind1=" " ind2=" "><marc:subfield code="3">12018916</marc:subfield><marc:subfield code="9">732</marc:subfield><marc:subfield code="o">ISNI0000000122760826</marc:subfield><marc:subfield code="a">Cowart</marc:subfield><marc:subfield code="b">Jack</marc:subfield><marc:subfield code="f">1945-....</marc:subfield><marc:subfield code="4">070</marc:subfield></marc:datafield><marc:datafield tag="701" ind1=" " ind2=" "><marc:subfield code="3">12081986</marc:subfield><marc:subfield code="9">733</marc:subfield><marc:subfield code="o">ISNI0000000116897703</marc:subfield><marc:subfield code="a">Hamilton</marc:subfield><marc:subfield code="b">Juan</marc:subfield><marc:subfield code="4">070</marc:subfield></marc:datafield><marc:datafield tag="702" ind1=" " ind2=" "><marc:subfield code="3">11911132</marc:subfield><marc:subfield code="9">734</marc:subfield><marc:subfield code="o">ISNI0000000066392474</marc:subfield><marc:subfield code="a">Laroche</marc:subfield><marc:subfield code="b">Martine</marc:subfield><marc:subfield code="f">1938-....</marc:subfield><marc:subfield code="4">080</marc:subfield></marc:datafield><marc:datafield tag="801" ind1=" " ind2="0"><marc:subfield code="a">FR</marc:subfield><marc:subfield code="b">FR-751131015</marc:subfield><marc:subfield code="c">19900126</marc:subfield><marc:subfield code="g">AFNOR</marc:subfield><marc:subfield code="h">FRBNF350525440000001</marc:subfield><marc:subfield code="2">intermrc</marc:subfield></marc:datafield><marc:datafield tag="995" ind1=" " ind2=" "><marc:subfield code="0">0</marc:subfield><marc:subfield code="2">0</marc:subfield><marc:subfield code="4">0</marc:subfield><marc:subfield code="5">2005-03-22</marc:subfield><marc:subfield code="9">517</marc:subfield><marc:subfield code="P">97.57</marc:subfield><marc:subfield code="b">MED</marc:subfield><marc:subfield code="c">MED</marc:subfield><marc:subfield code="e">MED1A</marc:subfield><marc:subfield code="f">C0000264793</marc:subfield><marc:subfield code="h">AAPATAP</marc:subfield><marc:subfield code="k">Doc./751 OKE</marc:subfield><marc:subfield code="o">0</marc:subfield><marc:subfield code="p">97.57</marc:subfield><marc:subfield code="r">PRETLIV</marc:subfield><marc:subfield code="s">DOC__751_000000000000000_OKE</marc:subfield><marc:subfield code="w">13</marc:subfield><marc:subfield code="y">2017-04-20</marc:subfield></marc:datafield></marc:record>