<marc:record><marc:leader>01203na  a2200313   4500</marc:leader><marc:controlfield tag="001">419</marc:controlfield><marc:controlfield tag="003">http://www.mediathequederoubaix.fr/ark:/20179/KH419</marc:controlfield><marc:controlfield tag="005">20180701143320.0</marc:controlfield><marc:datafield tag="010" ind1=" " ind2=" "><marc:subfield code="a">2-88086-090-3</marc:subfield></marc:datafield><marc:datafield tag="033" ind1=" " ind2=" "><marc:subfield code="a">http://www.sudoc.fr/012352268</marc:subfield></marc:datafield><marc:datafield tag="035" ind1="0" ind2="0"><marc:subfield code="a">HZ_RBX929</marc:subfield></marc:datafield><marc:datafield tag="090" ind1=" " ind2=" "><marc:subfield code="a">419</marc:subfield></marc:datafield><marc:datafield tag="091" ind1=" " ind2=" "><marc:subfield code="a">2</marc:subfield><marc:subfield code="b">20180701</marc:subfield><marc:subfield code="c">0</marc:subfield></marc:datafield><marc:datafield tag="099" ind1=" " ind2=" "><marc:subfield code="t">LI</marc:subfield><marc:subfield code="c">2014-06-30</marc:subfield><marc:subfield code="d">2014-06-30</marc:subfield><marc:subfield code="x">0</marc:subfield></marc:datafield><marc:datafield tag="100" ind1=" " ind2=" "><marc:subfield code="a">19       1991    k  y0frey5003    ba</marc:subfield></marc:datafield><marc:datafield tag="101" ind1=" " ind2=" "><marc:subfield code="a">fre</marc:subfield></marc:datafield><marc:datafield tag="200" ind1=" " ind2=" "><marc:subfield code="a">Mémoires de Tashi Khedrup</marc:subfield><marc:subfield code="e">moine aventurier tibétain</marc:subfield><marc:subfield code="f">mémoires recueillies par Hugh Richardson</marc:subfield><marc:subfield code="g">trad. de l&apos;anglais par Marianne Guénot</marc:subfield></marc:datafield><marc:datafield tag="210" ind1=" " ind2=" "><marc:subfield code="c">Olizane</marc:subfield><marc:subfield code="a">Genève</marc:subfield><marc:subfield code="d">cop. 1991</marc:subfield></marc:datafield><marc:datafield tag="215" ind1=" " ind2=" "><marc:subfield code="a">177 p.</marc:subfield><marc:subfield code="c">couv. ill. en coul.</marc:subfield><marc:subfield code="d">21 cm</marc:subfield></marc:datafield><marc:datafield tag="225" ind1="0" ind2=" "><marc:subfield code="a">Objectif terre</marc:subfield></marc:datafield><marc:datafield tag="339" ind1=" " ind2=" "><marc:subfield code="a">m</marc:subfield></marc:datafield><marc:datafield tag="410" ind1=" " ind2=" "><marc:subfield code="t">Objectif terre</marc:subfield></marc:datafield><marc:datafield tag="606" ind1="0" ind2=" "><marc:subfield code="9">84805</marc:subfield><marc:subfield code="7">ba0yba0y</marc:subfield><marc:subfield code="8">fre   </marc:subfield><marc:subfield code="a">Moines bouddhistes</marc:subfield></marc:datafield><marc:datafield tag="606" ind1="0" ind2=" "><marc:subfield code="9">236077</marc:subfield><marc:subfield code="a">Tibétains</marc:subfield></marc:datafield><marc:datafield tag="676" ind1=" " ind2=" "><marc:subfield code="a">294.3</marc:subfield></marc:datafield><marc:datafield tag="700" ind1="0" ind2=" "><marc:subfield code="9">148465</marc:subfield><marc:subfield code="a">Richardson</marc:subfield><marc:subfield code="b">Hugh</marc:subfield></marc:datafield><marc:datafield tag="702" ind1="0" ind2=" "><marc:subfield code="9">749</marc:subfield><marc:subfield code="7">ba0yba0y</marc:subfield><marc:subfield code="8">fre   </marc:subfield><marc:subfield code="3">12238276</marc:subfield><marc:subfield code="4">730</marc:subfield><marc:subfield code="7">ba0yba0y</marc:subfield><marc:subfield code="8">fre   </marc:subfield><marc:subfield code="a">Guénot</marc:subfield><marc:subfield code="b">Marianne</marc:subfield></marc:datafield><marc:datafield tag="801" ind1=" " ind2="0"><marc:subfield code="a">FR</marc:subfield><marc:subfield code="b">595126101</marc:subfield><marc:subfield code="c">20070828</marc:subfield><marc:subfield code="g">AFNOR</marc:subfield></marc:datafield><marc:datafield tag="995" ind1=" " ind2=" "><marc:subfield code="0">0</marc:subfield><marc:subfield code="2">0</marc:subfield><marc:subfield code="4">0</marc:subfield><marc:subfield code="5">2005-03-22</marc:subfield><marc:subfield code="9">525</marc:subfield><marc:subfield code="P">24.00</marc:subfield><marc:subfield code="b">MED</marc:subfield><marc:subfield code="c">MED</marc:subfield><marc:subfield code="e">MED3E</marc:subfield><marc:subfield code="f">C0000147640</marc:subfield><marc:subfield code="h">AZZMAZZ</marc:subfield><marc:subfield code="k">Mag. in-8/42 800</marc:subfield><marc:subfield code="o">0</marc:subfield><marc:subfield code="p">24.00</marc:subfield><marc:subfield code="r">PRETLIV</marc:subfield><marc:subfield code="s">MAG___IN842_800_00000000000000</marc:subfield><marc:subfield code="w">9</marc:subfield><marc:subfield code="y">2014-06-30</marc:subfield></marc:datafield></marc:record>