<marc:record><marc:leader>01657nj  a2200373   4500</marc:leader><marc:controlfield tag="001">424</marc:controlfield><marc:controlfield tag="003">http://www.mediathequederoubaix.fr/ark:/20179/KH424</marc:controlfield><marc:controlfield tag="005">20180701143320.0</marc:controlfield><marc:datafield tag="035" ind1="0" ind2="0"><marc:subfield code="a">HZ_RBX937</marc:subfield></marc:datafield><marc:datafield tag="071" ind1="0" ind2="0"><marc:subfield code="b">Semetery Records</marc:subfield><marc:subfield code="a">592158</marc:subfield></marc:datafield><marc:datafield tag="090" ind1=" " ind2=" "><marc:subfield code="a">424</marc:subfield></marc:datafield><marc:datafield tag="091" ind1=" " ind2=" "><marc:subfield code="a">1</marc:subfield><marc:subfield code="b">20180701</marc:subfield><marc:subfield code="c">0</marc:subfield></marc:datafield><marc:datafield tag="099" ind1=" " ind2=" "><marc:subfield code="t">DC</marc:subfield><marc:subfield code="c">2014-06-30</marc:subfield><marc:subfield code="d">2014-06-30</marc:subfield><marc:subfield code="x">0</marc:subfield></marc:datafield><marc:datafield tag="100" ind1=" " ind2=" "><marc:subfield code="a">19       1993    k  y0frey5003    ba</marc:subfield></marc:datafield><marc:datafield tag="101" ind1=" " ind2=" "><marc:subfield code="a">fre</marc:subfield></marc:datafield><marc:datafield tag="200" ind1=" " ind2=" "><marc:subfield code="a">Sublime dementia</marc:subfield><marc:subfield code="b">enr. sonore</marc:subfield><marc:subfield code="f">Loudblast</marc:subfield></marc:datafield><marc:datafield tag="210" ind1=" " ind2=" "><marc:subfield code="a">[Paris]</marc:subfield><marc:subfield code="c">Fnac Music</marc:subfield><marc:subfield code="c">Wotre Music Distribution [distrib.]</marc:subfield><marc:subfield code="d">P 1993</marc:subfield><marc:subfield code="e">Valenciennes</marc:subfield><marc:subfield code="g">C.M.A. Studio</marc:subfield></marc:datafield><marc:datafield tag="215" ind1=" " ind2=" "><marc:subfield code="a">1 d.c.</marc:subfield><marc:subfield code="e">1 brochure ill.</marc:subfield></marc:datafield><marc:datafield tag="305" ind1=" " ind2=" "><marc:subfield code="a">Enr. at Morrisound Studio, Tampa, Florida. Prepro-ductions recorded at C.M.A. Studio, Valenciennes, France.</marc:subfield></marc:datafield><marc:datafield tag="322" ind1=" " ind2=" "><marc:subfield code="a">Scott Burns, prod.</marc:subfield></marc:datafield><marc:datafield tag="323" ind1=" " ind2=" "><marc:subfield code="a">Stéphane Buriez, guit., chant ; H. Coquerel, drms ; N. Leclercq, guit. ; F. Jamin, guit. b.</marc:subfield></marc:datafield><marc:datafield tag="327" ind1=" " ind2=" "><marc:subfield code="a">Presumption</marc:subfield><marc:subfield code="a">Wisdom... : Father on</marc:subfield><marc:subfield code="a">Turn the scales</marc:subfield><marc:subfield code="a">About solitude</marc:subfield><marc:subfield code="a">Subject to spirit</marc:subfield><marc:subfield code="a">Fire and ice</marc:subfield><marc:subfield code="a">In perpetual motion</marc:subfield><marc:subfield code="a">Fancies</marc:subfield><marc:subfield code="a">Sublimedementia</marc:subfield><marc:subfield code="a">My last journey</marc:subfield></marc:datafield><marc:datafield tag="339" ind1=" " ind2=" "><marc:subfield code="a">m</marc:subfield></marc:datafield><marc:datafield tag="606" ind1=" " ind2=" "><marc:subfield code="a">Rock (musique)</marc:subfield><marc:subfield code="y">France</marc:subfield><marc:subfield code="x">Disques</marc:subfield><marc:subfield code="2">rameau</marc:subfield></marc:datafield><marc:datafield tag="606" ind1=" " ind2=" "><marc:subfield code="7">ba0yba0y</marc:subfield><marc:subfield code="8">fre   </marc:subfield><marc:subfield code="3">13509052</marc:subfield><marc:subfield code="9">762</marc:subfield><marc:subfield code="a">Thrash metal</marc:subfield><marc:subfield code="x">Disques</marc:subfield><marc:subfield code="2">rameau</marc:subfield></marc:datafield><marc:datafield tag="620" ind1=" " ind2=" "><marc:subfield code="c">Nord</marc:subfield></marc:datafield><marc:datafield tag="679" ind1=" " ind2=" "><marc:subfield code="a">2</marc:subfield><marc:subfield code="c">50</marc:subfield></marc:datafield><marc:datafield tag="701" ind1="0" ind2=" "><marc:subfield code="9">148466</marc:subfield><marc:subfield code="a">Buriez</marc:subfield><marc:subfield code="b">Stéphane</marc:subfield></marc:datafield><marc:datafield tag="701" ind1="0" ind2=" "><marc:subfield code="9">148467</marc:subfield><marc:subfield code="a">Coquerel</marc:subfield><marc:subfield code="b">Hervé</marc:subfield></marc:datafield><marc:datafield tag="701" ind1="0" ind2=" "><marc:subfield code="9">148468</marc:subfield><marc:subfield code="a">Leclercq</marc:subfield></marc:datafield><marc:datafield tag="701" ind1="0" ind2=" "><marc:subfield code="9">148469</marc:subfield><marc:subfield code="a">Jamin</marc:subfield><marc:subfield code="b">François</marc:subfield></marc:datafield><marc:datafield tag="701" ind1="0" ind2=" "><marc:subfield code="9">148470</marc:subfield><marc:subfield code="a">Burns</marc:subfield><marc:subfield code="b">Scott</marc:subfield></marc:datafield><marc:datafield tag="710" ind1="0" ind2=" "><marc:subfield code="9">18279</marc:subfield><marc:subfield code="7">ba0yba0y</marc:subfield><marc:subfield code="8">fre   </marc:subfield><marc:subfield code="3">13933371</marc:subfield><marc:subfield code="7">ba0yba0y</marc:subfield><marc:subfield code="8">fre   </marc:subfield><marc:subfield code="a">Loudblast</marc:subfield><marc:subfield code="c">Lille, Nord</marc:subfield></marc:datafield><marc:datafield tag="995" ind1=" " ind2=" "><marc:subfield code="0">0</marc:subfield><marc:subfield code="2">0</marc:subfield><marc:subfield code="4">0</marc:subfield><marc:subfield code="5">2005-03-22</marc:subfield><marc:subfield code="9">530</marc:subfield><marc:subfield code="P">20.58</marc:subfield><marc:subfield code="b">MED</marc:subfield><marc:subfield code="c">MED</marc:subfield><marc:subfield code="e">MED3C</marc:subfield><marc:subfield code="f">C0000407537</marc:subfield><marc:subfield code="h">PENRSZZ</marc:subfield><marc:subfield code="k">FLRSON DC/281</marc:subfield><marc:subfield code="o">2</marc:subfield><marc:subfield code="p">20.58</marc:subfield><marc:subfield code="r">PRETSON</marc:subfield><marc:subfield code="s">FLRSON_DC281</marc:subfield><marc:subfield code="y">2014-06-30</marc:subfield></marc:datafield></marc:record>