<marc:record><marc:leader>01747nj  a2200397   4500</marc:leader><marc:controlfield tag="001">428</marc:controlfield><marc:controlfield tag="003">http://www.mediathequederoubaix.fr/ark:/20179/KH428</marc:controlfield><marc:controlfield tag="005">20180701143320.0</marc:controlfield><marc:datafield tag="035" ind1="0" ind2="0"><marc:subfield code="a">HZ_RBX944</marc:subfield></marc:datafield><marc:datafield tag="071" ind1="0" ind2="0"><marc:subfield code="b">Réincarnate</marc:subfield><marc:subfield code="a">SUP07CD</marc:subfield></marc:datafield><marc:datafield tag="090" ind1=" " ind2=" "><marc:subfield code="a">428</marc:subfield></marc:datafield><marc:datafield tag="091" ind1=" " ind2=" "><marc:subfield code="a">1</marc:subfield><marc:subfield code="b">20180701</marc:subfield><marc:subfield code="c">0</marc:subfield></marc:datafield><marc:datafield tag="099" ind1=" " ind2=" "><marc:subfield code="t">DC</marc:subfield><marc:subfield code="c">2014-06-30</marc:subfield><marc:subfield code="d">2014-06-30</marc:subfield><marc:subfield code="x">0</marc:subfield></marc:datafield><marc:datafield tag="100" ind1=" " ind2=" "><marc:subfield code="a">19       1992    k  y0frey5003    ba</marc:subfield></marc:datafield><marc:datafield tag="101" ind1=" " ind2=" "><marc:subfield code="a">fre</marc:subfield></marc:datafield><marc:datafield tag="200" ind1=" " ind2=" "><marc:subfield code="a">The Cube</marc:subfield><marc:subfield code="b">enr. sonore</marc:subfield><marc:subfield code="f">Supuration</marc:subfield><marc:subfield code="g">Ludovic Lœz,mus.</marc:subfield><marc:subfield code="g">Laurent Bessault, par.</marc:subfield></marc:datafield><marc:datafield tag="210" ind1=" " ind2=" "><marc:subfield code="c">Danceteria</marc:subfield><marc:subfield code="a">[Lille]</marc:subfield><marc:subfield code="d">[1992]</marc:subfield><marc:subfield code="e">Valenciennes</marc:subfield><marc:subfield code="g">CMA studio</marc:subfield><marc:subfield code="h">1992</marc:subfield></marc:datafield><marc:datafield tag="215" ind1=" " ind2=" "><marc:subfield code="a">1 d.c.</marc:subfield><marc:subfield code="e">1 dépliant ill.</marc:subfield></marc:datafield><marc:datafield tag="305" ind1=" " ind2=" "><marc:subfield code="a">Enr. C.M.A studio, Valenciennes, du 20/09 au 10/10/1992</marc:subfield></marc:datafield><marc:datafield tag="306" ind1=" " ind2=" "><marc:subfield code="a">[1992] d&apos;après la dat d&apos;enregistrement</marc:subfield></marc:datafield><marc:datafield tag="322" ind1=" " ind2=" "><marc:subfield code="a">Bruno Objoie, prod.</marc:subfield></marc:datafield><marc:datafield tag="323" ind1=" " ind2=" "><marc:subfield code="a">Thierry Berger, drms ; Laurent Bessault, guit. b Fabrice Lœz, guit. ; Ludovic lœz, guit., chant.</marc:subfield></marc:datafield><marc:datafield tag="327" ind1=" " ind2=" "><marc:subfield code="a">Prelude</marc:subfield><marc:subfield code="a">The Elevation</marc:subfield><marc:subfield code="a">Soul&apos;s speculum</marc:subfield><marc:subfield code="a">1308. JP.08</marc:subfield><marc:subfield code="a">The Cube</marc:subfield><marc:subfield code="a">Through the transparent parti- tions</marc:subfield><marc:subfield code="a">Spherical inner-sides : instrumental</marc:subfield><marc:subfield code="a">TheAccomplishment</marc:subfield><marc:subfield code="a">4TX.31B</marc:subfield><marc:subfield code="a">The Dim light</marc:subfield></marc:datafield><marc:datafield tag="339" ind1=" " ind2=" "><marc:subfield code="a">m</marc:subfield></marc:datafield><marc:datafield tag="606" ind1=" " ind2=" "><marc:subfield code="a">Rock (musique)</marc:subfield><marc:subfield code="y">France</marc:subfield><marc:subfield code="y">Nord</marc:subfield><marc:subfield code="x">Disques</marc:subfield><marc:subfield code="2">rameau</marc:subfield></marc:datafield><marc:datafield tag="606" ind1=" " ind2=" "><marc:subfield code="7">ba0yba0y</marc:subfield><marc:subfield code="8">fre   </marc:subfield><marc:subfield code="3">13509047</marc:subfield><marc:subfield code="9">775</marc:subfield><marc:subfield code="a">Death metal</marc:subfield><marc:subfield code="x">Disques</marc:subfield><marc:subfield code="2">rameau</marc:subfield></marc:datafield><marc:datafield tag="620" ind1=" " ind2=" "><marc:subfield code="c">Nord</marc:subfield><marc:subfield code="d">Lille</marc:subfield></marc:datafield><marc:datafield tag="679" ind1=" " ind2=" "><marc:subfield code="a">2</marc:subfield><marc:subfield code="c">50</marc:subfield></marc:datafield><marc:datafield tag="701" ind1="0" ind2=" "><marc:subfield code="9">148473</marc:subfield><marc:subfield code="a">Berger</marc:subfield><marc:subfield code="b">Thierry</marc:subfield></marc:datafield><marc:datafield tag="701" ind1="0" ind2=" "><marc:subfield code="9">148474</marc:subfield><marc:subfield code="a">Bessault</marc:subfield><marc:subfield code="b">Laurent</marc:subfield></marc:datafield><marc:datafield tag="701" ind1="0" ind2=" "><marc:subfield code="9">148475</marc:subfield><marc:subfield code="a">Lœz</marc:subfield><marc:subfield code="b">Fabrice</marc:subfield></marc:datafield><marc:datafield tag="701" ind1="0" ind2=" "><marc:subfield code="9">148476</marc:subfield><marc:subfield code="a">Lœz</marc:subfield><marc:subfield code="b">Ludovic</marc:subfield></marc:datafield><marc:datafield tag="701" ind1="0" ind2=" "><marc:subfield code="9">148477</marc:subfield><marc:subfield code="a">Objoie</marc:subfield><marc:subfield code="b">Bruno</marc:subfield></marc:datafield><marc:datafield tag="710" ind1="0" ind2=" "><marc:subfield code="9">20135</marc:subfield><marc:subfield code="7">ba0yba0y</marc:subfield><marc:subfield code="8">fre   </marc:subfield><marc:subfield code="3">13992663</marc:subfield><marc:subfield code="7">ba0yba0y</marc:subfield><marc:subfield code="8">fre   </marc:subfield><marc:subfield code="a">Supuration</marc:subfield><marc:subfield code="c">Lille, Nord</marc:subfield></marc:datafield><marc:datafield tag="801" ind1=" " ind2="0"><marc:subfield code="a">FR</marc:subfield><marc:subfield code="b">595126101</marc:subfield><marc:subfield code="c">20070828</marc:subfield><marc:subfield code="g">AFNOR</marc:subfield></marc:datafield><marc:datafield tag="995" ind1=" " ind2=" "><marc:subfield code="0">0</marc:subfield><marc:subfield code="2">0</marc:subfield><marc:subfield code="4">0</marc:subfield><marc:subfield code="5">2005-03-22</marc:subfield><marc:subfield code="9">535</marc:subfield><marc:subfield code="P">16.86</marc:subfield><marc:subfield code="b">MED</marc:subfield><marc:subfield code="c">MED</marc:subfield><marc:subfield code="e">MED3C</marc:subfield><marc:subfield code="f">C0000407553</marc:subfield><marc:subfield code="h">PENRSZZ</marc:subfield><marc:subfield code="k">FLRSON DC/285</marc:subfield><marc:subfield code="o">2</marc:subfield><marc:subfield code="p">16.86</marc:subfield><marc:subfield code="r">PRETSON</marc:subfield><marc:subfield code="s">FLRSON_DC285</marc:subfield><marc:subfield code="y">2014-06-30</marc:subfield></marc:datafield></marc:record>