<marc:record><marc:leader>01522nj  a2200361   4500</marc:leader><marc:controlfield tag="001">429</marc:controlfield><marc:controlfield tag="003">http://www.mediathequederoubaix.fr/ark:/20179/KH429</marc:controlfield><marc:controlfield tag="005">20180701143320.0</marc:controlfield><marc:datafield tag="035" ind1="0" ind2="0"><marc:subfield code="a">HZ_RBX947</marc:subfield></marc:datafield><marc:datafield tag="071" ind1="0" ind2="0"><marc:subfield code="b">Label Dix</marc:subfield><marc:subfield code="a">X001</marc:subfield></marc:datafield><marc:datafield tag="090" ind1=" " ind2=" "><marc:subfield code="a">429</marc:subfield></marc:datafield><marc:datafield tag="091" ind1=" " ind2=" "><marc:subfield code="a">1</marc:subfield><marc:subfield code="b">20180701</marc:subfield><marc:subfield code="c">0</marc:subfield></marc:datafield><marc:datafield tag="099" ind1=" " ind2=" "><marc:subfield code="t">DC</marc:subfield><marc:subfield code="c">2014-06-30</marc:subfield><marc:subfield code="d">2014-06-30</marc:subfield><marc:subfield code="x">2</marc:subfield></marc:datafield><marc:datafield tag="100" ind1=" " ind2=" "><marc:subfield code="a">19       1993    k  y0frey5003    ba</marc:subfield></marc:datafield><marc:datafield tag="101" ind1=" " ind2=" "><marc:subfield code="a">fre</marc:subfield></marc:datafield><marc:datafield tag="200" ind1=" " ind2=" "><marc:subfield code="a">Hullaballoo</marc:subfield><marc:subfield code="b">Enr. sonore</marc:subfield><marc:subfield code="f">The Soap Eaters</marc:subfield></marc:datafield><marc:datafield tag="210" ind1=" " ind2=" "><marc:subfield code="a">[Lille]</marc:subfield><marc:subfield code="b">10 place Tacq 59 000 Lille</marc:subfield><marc:subfield code="c">Label Dix</marc:subfield><marc:subfield code="d">1993</marc:subfield><marc:subfield code="e">Lille</marc:subfield><marc:subfield code="g">Gorgone</marc:subfield><marc:subfield code="g">Phog</marc:subfield><marc:subfield code="d">1992</marc:subfield></marc:datafield><marc:datafield tag="215" ind1=" " ind2=" "><marc:subfield code="a">1 d.c.</marc:subfield><marc:subfield code="e">1 dépliant ill.</marc:subfield></marc:datafield><marc:datafield tag="305" ind1=" " ind2=" "><marc:subfield code="a">Enr. noël 1992 au Studio Phog, mixé au studio Gor-gone.</marc:subfield></marc:datafield><marc:datafield tag="322" ind1=" " ind2=" "><marc:subfield code="a">Marc Bernard, Ian Letort, prod.</marc:subfield></marc:datafield><marc:datafield tag="323" ind1=" " ind2=" "><marc:subfield code="a">Mister Ubu, claviers, chœurs.</marc:subfield></marc:datafield><marc:datafield tag="327" ind1=" " ind2=" "><marc:subfield code="a">Let me see your face</marc:subfield><marc:subfield code="a">Lucky star / Soap</marc:subfield><marc:subfield code="a">Leurent. Don&apos;t drive me away / Soap</marc:subfield><marc:subfield code="a">Bouttee . Bubble trip</marc:subfield><marc:subfield code="a">Red planet / Soap</marc:subfield><marc:subfield code="a">Leurent . Why do I cry:remains</marc:subfield></marc:datafield><marc:datafield tag="339" ind1=" " ind2=" "><marc:subfield code="a">m</marc:subfield></marc:datafield><marc:datafield tag="606" ind1=" " ind2=" "><marc:subfield code="9">236070</marc:subfield><marc:subfield code="a">Rock (musique)</marc:subfield><marc:subfield code="y">France</marc:subfield><marc:subfield code="y">Lille (Nord)</marc:subfield><marc:subfield code="x">Disques</marc:subfield></marc:datafield><marc:datafield tag="620" ind1=" " ind2=" "><marc:subfield code="d">Lille</marc:subfield></marc:datafield><marc:datafield tag="679" ind1=" " ind2=" "><marc:subfield code="a">2</marc:subfield></marc:datafield><marc:datafield tag="701" ind1="0" ind2=" "><marc:subfield code="9">148478</marc:subfield><marc:subfield code="a">Bernard</marc:subfield><marc:subfield code="b">Marc</marc:subfield><marc:subfield code="f">1943-....</marc:subfield></marc:datafield><marc:datafield tag="701" ind1="0" ind2=" "><marc:subfield code="9">148479</marc:subfield><marc:subfield code="a">Letort</marc:subfield><marc:subfield code="b">Ian</marc:subfield></marc:datafield><marc:datafield tag="701" ind1="0" ind2=" "><marc:subfield code="9">148480</marc:subfield><marc:subfield code="a">Leurent</marc:subfield></marc:datafield><marc:datafield tag="710" ind1="0" ind2=" "><marc:subfield code="9">122858</marc:subfield><marc:subfield code="a">Soap Eaters</marc:subfield><marc:subfield code="c">Lille</marc:subfield></marc:datafield><marc:datafield tag="801" ind1=" " ind2="0"><marc:subfield code="a">FR</marc:subfield><marc:subfield code="b">595126101</marc:subfield><marc:subfield code="c">20070828</marc:subfield><marc:subfield code="g">AFNOR</marc:subfield></marc:datafield><marc:datafield tag="995" ind1=" " ind2=" "><marc:subfield code="0">0</marc:subfield><marc:subfield code="2">0</marc:subfield><marc:subfield code="4">0</marc:subfield><marc:subfield code="5">2005-03-22</marc:subfield><marc:subfield code="9">537</marc:subfield><marc:subfield code="P">10.00</marc:subfield><marc:subfield code="b">MED</marc:subfield><marc:subfield code="c">MED</marc:subfield><marc:subfield code="e">MED3C</marc:subfield><marc:subfield code="f">C0000019067</marc:subfield><marc:subfield code="h">PENRSZZ</marc:subfield><marc:subfield code="k">FLRSON DC/497</marc:subfield><marc:subfield code="o">2</marc:subfield><marc:subfield code="p">10.00</marc:subfield><marc:subfield code="r">PRETSON</marc:subfield><marc:subfield code="s">FLRSON_DC497</marc:subfield><marc:subfield code="y">2014-06-30</marc:subfield></marc:datafield><marc:datafield tag="995" ind1=" " ind2=" "><marc:subfield code="0">0</marc:subfield><marc:subfield code="2">0</marc:subfield><marc:subfield code="4">0</marc:subfield><marc:subfield code="5">2005-03-22</marc:subfield><marc:subfield code="9">538</marc:subfield><marc:subfield code="P">9.15</marc:subfield><marc:subfield code="b">MED</marc:subfield><marc:subfield code="c">MED</marc:subfield><marc:subfield code="e">MED3C</marc:subfield><marc:subfield code="f">C0000407561</marc:subfield><marc:subfield code="h">PENRSZZ</marc:subfield><marc:subfield code="k">FLRSON DC/288</marc:subfield><marc:subfield code="o">2</marc:subfield><marc:subfield code="p">9.15</marc:subfield><marc:subfield code="r">PRETSON</marc:subfield><marc:subfield code="s">FLRSON_DC288</marc:subfield><marc:subfield code="y">2014-06-30</marc:subfield></marc:datafield></marc:record>