<marc:record><marc:leader>01610nam  2200349   4500</marc:leader><marc:controlfield tag="001">430</marc:controlfield><marc:controlfield tag="003">http://www.mediathequederoubaix.fr/ark:/20179/KH430</marc:controlfield><marc:datafield tag="010" ind1=" " ind2=" "><marc:subfield code="a">2-217-34001-8</marc:subfield></marc:datafield><marc:datafield tag="020" ind1=" " ind2=" "><marc:subfield code="a">FR</marc:subfield><marc:subfield code="b">08304744</marc:subfield></marc:datafield><marc:datafield tag="021" ind1=" " ind2=" "><marc:subfield code="a">FR</marc:subfield><marc:subfield code="b">DL 80-35103</marc:subfield></marc:datafield><marc:datafield tag="033" ind1=" " ind2=" "><marc:subfield code="a">http://catalogue.bnf.fr/ark:/12148/cb34735104m</marc:subfield></marc:datafield><marc:datafield tag="035" ind1=" " ind2=" "><marc:subfield code="a">FRBNF347351040000008</marc:subfield></marc:datafield><marc:datafield tag="039" ind1=" " ind2=" "><marc:subfield code="o">OPL</marc:subfield><marc:subfield code="a">002127879</marc:subfield></marc:datafield><marc:datafield tag="090" ind1=" " ind2=" "><marc:subfield code="a">430</marc:subfield></marc:datafield><marc:datafield tag="091" ind1=" " ind2=" "><marc:subfield code="b">20180701</marc:subfield><marc:subfield code="c">1</marc:subfield><marc:subfield code="a">2</marc:subfield></marc:datafield><marc:datafield tag="099" ind1=" " ind2=" "><marc:subfield code="t">LI</marc:subfield><marc:subfield code="c">2014-06-30</marc:subfield><marc:subfield code="d">2014-06-30</marc:subfield><marc:subfield code="x">11</marc:subfield></marc:datafield><marc:datafield tag="100" ind1=" " ind2=" "><marc:subfield code="a">19830201d1980    a  y0frey50      ba</marc:subfield></marc:datafield><marc:datafield tag="101" ind1="0" ind2=" "><marc:subfield code="a">fre</marc:subfield></marc:datafield><marc:datafield tag="102" ind1=" " ind2=" "><marc:subfield code="a">FR</marc:subfield></marc:datafield><marc:datafield tag="105" ind1=" " ind2=" "><marc:subfield code="a">a   z   00|a|</marc:subfield></marc:datafield><marc:datafield tag="106" ind1=" " ind2=" "><marc:subfield code="a">r</marc:subfield></marc:datafield><marc:datafield tag="200" ind1="1" ind2=" "><marc:subfield code="a">Les Aventures de Tom Pouce</marc:subfield><marc:subfield code="b">Texte imprimé</marc:subfield><marc:subfield code="f">texte, Hélène Fatou</marc:subfield><marc:subfield code="g">illustrations... Gerda Muller</marc:subfield></marc:datafield><marc:datafield tag="210" ind1=" " ind2=" "><marc:subfield code="a">[Paris]</marc:subfield><marc:subfield code="c">Gautier-Languereau</marc:subfield><marc:subfield code="d">1980</marc:subfield><marc:subfield code="e">Paris</marc:subfield><marc:subfield code="g">impr. Monnier</marc:subfield></marc:datafield><marc:datafield tag="215" ind1=" " ind2=" "><marc:subfield code="a">45 p.</marc:subfield><marc:subfield code="c">ill. en coul., couv. ill. en coul.</marc:subfield><marc:subfield code="d">28 cm</marc:subfield></marc:datafield><marc:datafield tag="339" ind1=" " ind2=" "><marc:subfield code="a">a</marc:subfield></marc:datafield><marc:datafield tag="686" ind1=" " ind2=" "><marc:subfield code="a">83 </marc:subfield><marc:subfield code="2">Cadre de classement de la Bibliographie nationale française</marc:subfield></marc:datafield><marc:datafield tag="700" ind1=" " ind2=" "><marc:subfield code="3">11902301</marc:subfield><marc:subfield code="9">792</marc:subfield><marc:subfield code="o">ISNI000000006641926X</marc:subfield><marc:subfield code="a">Fatou</marc:subfield><marc:subfield code="b">Hélène</marc:subfield><marc:subfield code="4">070</marc:subfield></marc:datafield><marc:datafield tag="702" ind1=" " ind2=" "><marc:subfield code="3">11917193</marc:subfield><marc:subfield code="9">793</marc:subfield><marc:subfield code="a">Muller</marc:subfield><marc:subfield code="b">Gerda</marc:subfield><marc:subfield code="f">1926-....</marc:subfield><marc:subfield code="4">440</marc:subfield></marc:datafield><marc:datafield tag="801" ind1=" " ind2="0"><marc:subfield code="a">FR</marc:subfield><marc:subfield code="b">FR-751131015</marc:subfield><marc:subfield code="c">19830201</marc:subfield><marc:subfield code="g">AFNOR</marc:subfield><marc:subfield code="h">FRBNF347351040000008</marc:subfield><marc:subfield code="2">intermrc</marc:subfield></marc:datafield><marc:datafield tag="995" ind1=" " ind2=" "><marc:subfield code="0">0</marc:subfield><marc:subfield code="2">0</marc:subfield><marc:subfield code="4">0</marc:subfield><marc:subfield code="5">2005-03-22</marc:subfield><marc:subfield code="9">540</marc:subfield><marc:subfield code="P">12.00</marc:subfield><marc:subfield code="b">MED</marc:subfield><marc:subfield code="c">MED</marc:subfield><marc:subfield code="e">MED0A</marc:subfield><marc:subfield code="f">C0000951609</marc:subfield><marc:subfield code="h">JABEFAE</marc:subfield><marc:subfield code="k">EXT E C/FAT</marc:subfield><marc:subfield code="n">2019-07-02</marc:subfield><marc:subfield code="o">0</marc:subfield><marc:subfield code="p">12.00</marc:subfield><marc:subfield code="r">PRETLIV</marc:subfield><marc:subfield code="s">EXT_E_CFAT</marc:subfield><marc:subfield code="w">20</marc:subfield><marc:subfield code="y">2018-09-21</marc:subfield></marc:datafield><marc:datafield tag="995" ind1=" " ind2=" "><marc:subfield code="0">0</marc:subfield><marc:subfield code="2">0</marc:subfield><marc:subfield code="4">0</marc:subfield><marc:subfield code="5">2005-03-22</marc:subfield><marc:subfield code="9">541</marc:subfield><marc:subfield code="P">12.00</marc:subfield><marc:subfield code="b">MED</marc:subfield><marc:subfield code="c">MED</marc:subfield><marc:subfield code="e">MED0A</marc:subfield><marc:subfield code="f">C0000951780</marc:subfield><marc:subfield code="h">JABEFAE</marc:subfield><marc:subfield code="k">EXT E C/FAT</marc:subfield><marc:subfield code="n">2019-07-02</marc:subfield><marc:subfield code="o">0</marc:subfield><marc:subfield code="p">12.00</marc:subfield><marc:subfield code="r">PRETLIV</marc:subfield><marc:subfield code="s">EXT_E_CFAT</marc:subfield><marc:subfield code="w">28</marc:subfield><marc:subfield code="y">2018-09-19</marc:subfield></marc:datafield><marc:datafield tag="995" ind1=" " ind2=" "><marc:subfield code="0">0</marc:subfield><marc:subfield code="2">0</marc:subfield><marc:subfield code="4">0</marc:subfield><marc:subfield code="5">2005-03-22</marc:subfield><marc:subfield code="9">542</marc:subfield><marc:subfield code="P">12.00</marc:subfield><marc:subfield code="b">MED</marc:subfield><marc:subfield code="c">MED</marc:subfield><marc:subfield code="e">MED0A</marc:subfield><marc:subfield code="f">C0000951845</marc:subfield><marc:subfield code="h">JABEFAE</marc:subfield><marc:subfield code="k">EXT E C/FAT</marc:subfield><marc:subfield code="n">2019-07-02</marc:subfield><marc:subfield code="o">0</marc:subfield><marc:subfield code="p">12.00</marc:subfield><marc:subfield code="r">PRETLIV</marc:subfield><marc:subfield code="s">EXT_E_CFAT</marc:subfield><marc:subfield code="w">43</marc:subfield><marc:subfield code="y">2018-09-05</marc:subfield></marc:datafield></marc:record>