<marc:record><marc:leader>01398nj  a2200361   4500</marc:leader><marc:controlfield tag="001">434</marc:controlfield><marc:controlfield tag="003">http://www.mediathequederoubaix.fr/ark:/20179/KH434</marc:controlfield><marc:controlfield tag="005">20170524151614.0</marc:controlfield><marc:datafield tag="035" ind1="0" ind2="0"><marc:subfield code="a">HZ_RBX999</marc:subfield></marc:datafield><marc:datafield tag="071" ind1="0" ind2="0"><marc:subfield code="b">Ose</marc:subfield><marc:subfield code="a">CD 01</marc:subfield></marc:datafield><marc:datafield tag="090" ind1=" " ind2=" "><marc:subfield code="a">434</marc:subfield></marc:datafield><marc:datafield tag="091" ind1=" " ind2=" "><marc:subfield code="a">0</marc:subfield><marc:subfield code="b">20160126</marc:subfield><marc:subfield code="c">0</marc:subfield></marc:datafield><marc:datafield tag="099" ind1=" " ind2=" "><marc:subfield code="t">DC</marc:subfield><marc:subfield code="c">2014-06-30</marc:subfield><marc:subfield code="d">2014-06-30</marc:subfield><marc:subfield code="x">0</marc:subfield></marc:datafield><marc:datafield tag="100" ind1=" " ind2=" "><marc:subfield code="a">19       1992    k  y0frey5003    ba</marc:subfield></marc:datafield><marc:datafield tag="101" ind1=" " ind2=" "><marc:subfield code="a">fre</marc:subfield></marc:datafield><marc:datafield tag="200" ind1=" " ind2=" "><marc:subfield code="a">Back to the first noise</marc:subfield><marc:subfield code="a">Overload</marc:subfield><marc:subfield code="a">Tipsy...[et al]</marc:subfield><marc:subfield code="b">Enr. sonore</marc:subfield><marc:subfield code="f">Not Tonight Dear</marc:subfield></marc:datafield><marc:datafield tag="210" ind1=" " ind2=" "><marc:subfield code="a">[sans lieu]</marc:subfield><marc:subfield code="c">Oseba</marc:subfield><marc:subfield code="d">P 1992</marc:subfield></marc:datafield><marc:datafield tag="215" ind1=" " ind2=" "><marc:subfield code="a">1 d.c.</marc:subfield></marc:datafield><marc:datafield tag="322" ind1=" " ind2=" "><marc:subfield code="a">Bruno Domini, prod.</marc:subfield></marc:datafield><marc:datafield tag="323" ind1=" " ind2=" "><marc:subfield code="a">Not Tonight Dear est composé de : Frédéric Renaut ; Marc Zegrodzki ; Dan Michiels ; Philip Colpin ; Xavier Verdun Accompagné aussi par : Didier Pietton, saxo ; Bruno Objoie, guit.</marc:subfield></marc:datafield><marc:datafield tag="606" ind1=" " ind2=" "><marc:subfield code="a">Rock (musique)</marc:subfield><marc:subfield code="y">France</marc:subfield><marc:subfield code="x">Disques</marc:subfield><marc:subfield code="2">rameau</marc:subfield></marc:datafield><marc:datafield tag="679" ind1=" " ind2=" "><marc:subfield code="a">2</marc:subfield></marc:datafield><marc:datafield tag="701" ind1="0" ind2=" "><marc:subfield code="9">148482</marc:subfield><marc:subfield code="a">Renaut</marc:subfield><marc:subfield code="b">Frédéric</marc:subfield></marc:datafield><marc:datafield tag="701" ind1="0" ind2=" "><marc:subfield code="9">148483</marc:subfield><marc:subfield code="a">Zegrodzki</marc:subfield><marc:subfield code="b">Marc</marc:subfield></marc:datafield><marc:datafield tag="701" ind1="0" ind2=" "><marc:subfield code="9">148484</marc:subfield><marc:subfield code="a">Michiels</marc:subfield><marc:subfield code="b">Dan</marc:subfield></marc:datafield><marc:datafield tag="701" ind1="0" ind2=" "><marc:subfield code="9">148485</marc:subfield><marc:subfield code="a">Colpin</marc:subfield><marc:subfield code="b">Philip</marc:subfield></marc:datafield><marc:datafield tag="701" ind1="0" ind2=" "><marc:subfield code="9">148486</marc:subfield><marc:subfield code="a">Verdun</marc:subfield><marc:subfield code="b">Xavier</marc:subfield></marc:datafield><marc:datafield tag="702" ind1="0" ind2=" "><marc:subfield code="9">148477</marc:subfield><marc:subfield code="a">Objoie</marc:subfield><marc:subfield code="b">Bruno</marc:subfield></marc:datafield><marc:datafield tag="702" ind1="0" ind2=" "><marc:subfield code="9">148487</marc:subfield><marc:subfield code="a">Domini</marc:subfield><marc:subfield code="b">Bruno</marc:subfield></marc:datafield><marc:datafield tag="702" ind1="0" ind2=" "><marc:subfield code="9">55354</marc:subfield><marc:subfield code="7">ba0yba0y</marc:subfield><marc:subfield code="8">fre   </marc:subfield><marc:subfield code="3">14216074</marc:subfield><marc:subfield code="7">ba0yba0y</marc:subfield><marc:subfield code="8">fre   </marc:subfield><marc:subfield code="a">Pietton</marc:subfield><marc:subfield code="b">Didier</marc:subfield></marc:datafield><marc:datafield tag="710" ind1="0" ind2=" "><marc:subfield code="9">122859</marc:subfield><marc:subfield code="a">Not Tonight Dear</marc:subfield></marc:datafield><marc:datafield tag="339" ind1=" " ind2=" "><marc:subfield code="a">m</marc:subfield></marc:datafield><marc:datafield tag="995" ind1=" " ind2=" "><marc:subfield code="0">0</marc:subfield><marc:subfield code="2">0</marc:subfield><marc:subfield code="4">0</marc:subfield><marc:subfield code="5">2005-03-22</marc:subfield><marc:subfield code="9">546</marc:subfield><marc:subfield code="P">15.24</marc:subfield><marc:subfield code="b">MED</marc:subfield><marc:subfield code="c">MED</marc:subfield><marc:subfield code="e">MED3C</marc:subfield><marc:subfield code="f">C0000409327</marc:subfield><marc:subfield code="h">PENRSZZ</marc:subfield><marc:subfield code="k">FLRSON DC/362</marc:subfield><marc:subfield code="o">2</marc:subfield><marc:subfield code="p">15.24</marc:subfield><marc:subfield code="r">PRETSON</marc:subfield><marc:subfield code="s">FLRSON_DC362</marc:subfield><marc:subfield code="y">2014-06-30</marc:subfield></marc:datafield></marc:record>