<marc:record><marc:leader>01189nj  a2200277   4500</marc:leader><marc:controlfield tag="001">435</marc:controlfield><marc:controlfield tag="003">http://www.mediathequederoubaix.fr/ark:/20179/KH435</marc:controlfield><marc:controlfield tag="005">20180701143321.0</marc:controlfield><marc:datafield tag="035" ind1="0" ind2="0"><marc:subfield code="a">HZ_RBX1000</marc:subfield></marc:datafield><marc:datafield tag="090" ind1=" " ind2=" "><marc:subfield code="a">435</marc:subfield></marc:datafield><marc:datafield tag="091" ind1=" " ind2=" "><marc:subfield code="a">1</marc:subfield><marc:subfield code="b">20180701</marc:subfield><marc:subfield code="c">0</marc:subfield></marc:datafield><marc:datafield tag="099" ind1=" " ind2=" "><marc:subfield code="t">K7</marc:subfield><marc:subfield code="c">2014-06-30</marc:subfield><marc:subfield code="d">2014-06-30</marc:subfield><marc:subfield code="x">0</marc:subfield></marc:datafield><marc:datafield tag="100" ind1=" " ind2=" "><marc:subfield code="a">19       1992    k  y0frey5003    ba</marc:subfield></marc:datafield><marc:datafield tag="101" ind1=" " ind2=" "><marc:subfield code="a">fre</marc:subfield></marc:datafield><marc:datafield tag="200" ind1=" " ind2=" "><marc:subfield code="a">Du rire à la tendresse</marc:subfield><marc:subfield code="b">Enr. sonore</marc:subfield><marc:subfield code="f">Nounours</marc:subfield></marc:datafield><marc:datafield tag="210" ind1=" " ind2=" "><marc:subfield code="d">P 1992</marc:subfield></marc:datafield><marc:datafield tag="215" ind1=" " ind2=" "><marc:subfield code="a">1 cass. audio</marc:subfield></marc:datafield><marc:datafield tag="327" ind1=" " ind2=" "><marc:subfield code="a">Face A : Une Petite chanson</marc:subfield><marc:subfield code="a">On a toujours dans le cœur</marc:subfield><marc:subfield code="a">Une chanson d&apos;amour</marc:subfield><marc:subfield code="a">Dins ches bois</marc:subfield><marc:subfield code="a">J&apos;ai choisi de sourire</marc:subfield><marc:subfield code="a">Guantanamera</marc:subfield><marc:subfield code="a">Je reviens chez vous</marc:subfield><marc:subfield code="a">Face B : Nous ne sortirons qu&apos;au printemps</marc:subfield><marc:subfield code="a">Si te caches après</marc:subfield><marc:subfield code="a">Comme la lune</marc:subfield><marc:subfield code="a">Viva el meme</marc:subfield></marc:datafield><marc:datafield tag="339" ind1=" " ind2=" "><marc:subfield code="a">m</marc:subfield></marc:datafield><marc:datafield tag="606" ind1=" " ind2=" "><marc:subfield code="9">236019</marc:subfield><marc:subfield code="a">Chansons françaises</marc:subfield><marc:subfield code="x">Disques</marc:subfield></marc:datafield><marc:datafield tag="606" ind1=" " ind2=" "><marc:subfield code="9">236082</marc:subfield><marc:subfield code="a">Chansons patoisantes</marc:subfield><marc:subfield code="x">Disques</marc:subfield></marc:datafield><marc:datafield tag="679" ind1=" " ind2=" "><marc:subfield code="a">099.2</marc:subfield></marc:datafield><marc:datafield tag="700" ind1="0" ind2=" "><marc:subfield code="9">148488</marc:subfield><marc:subfield code="a">Douniaux</marc:subfield><marc:subfield code="b">René</marc:subfield></marc:datafield><marc:datafield tag="801" ind1=" " ind2="0"><marc:subfield code="a">FR</marc:subfield><marc:subfield code="b">595126101</marc:subfield><marc:subfield code="c">20080925</marc:subfield><marc:subfield code="g">AFNOR</marc:subfield></marc:datafield><marc:datafield tag="930" ind1=" " ind2=" "><marc:subfield code="5">595126101:C0000409628</marc:subfield><marc:subfield code="b">595126101</marc:subfield><marc:subfield code="a">FLRSON K7/251</marc:subfield><marc:subfield code="e">Fonds local et régional sonore</marc:subfield></marc:datafield><marc:datafield tag="995" ind1=" " ind2=" "><marc:subfield code="0">0</marc:subfield><marc:subfield code="2">0</marc:subfield><marc:subfield code="4">0</marc:subfield><marc:subfield code="5">2005-03-22</marc:subfield><marc:subfield code="9">548</marc:subfield><marc:subfield code="P">9.15</marc:subfield><marc:subfield code="b">MED</marc:subfield><marc:subfield code="c">MED</marc:subfield><marc:subfield code="e">MED3C</marc:subfield><marc:subfield code="f">C0000409628</marc:subfield><marc:subfield code="h">PENRSZZ</marc:subfield><marc:subfield code="k">FLRSON K7/251</marc:subfield><marc:subfield code="o">2</marc:subfield><marc:subfield code="p">9.15</marc:subfield><marc:subfield code="r">PRETSON</marc:subfield><marc:subfield code="s">FLRSON_K7251</marc:subfield><marc:subfield code="y">2014-06-30</marc:subfield></marc:datafield></marc:record>