<marc:record><marc:leader>01239nj  a2200265   4500</marc:leader><marc:controlfield tag="001">450</marc:controlfield><marc:controlfield tag="005">20180701143322.0</marc:controlfield><marc:datafield tag="035" ind1="0" ind2="0"><marc:subfield code="a">HZ_RBX59012</marc:subfield></marc:datafield><marc:datafield tag="071" ind1="0" ind2=" "><marc:subfield code="a">9031-72925-2</marc:subfield><marc:subfield code="b">WEA</marc:subfield></marc:datafield><marc:datafield tag="090" ind1=" " ind2=" "><marc:subfield code="a">450</marc:subfield></marc:datafield><marc:datafield tag="091" ind1=" " ind2=" "><marc:subfield code="a">1</marc:subfield><marc:subfield code="b">20180701</marc:subfield><marc:subfield code="c">0</marc:subfield></marc:datafield><marc:datafield tag="099" ind1=" " ind2=" "><marc:subfield code="t">DC</marc:subfield><marc:subfield code="c">2014-06-30</marc:subfield><marc:subfield code="d">2014-06-30</marc:subfield><marc:subfield code="x">1</marc:subfield></marc:datafield><marc:datafield tag="100" ind1=" " ind2=" "><marc:subfield code="a">19       1990    k  y0frey5003    ba</marc:subfield></marc:datafield><marc:datafield tag="101" ind1=" " ind2=" "><marc:subfield code="a">fre</marc:subfield></marc:datafield><marc:datafield tag="200" ind1=" " ind2=" "><marc:subfield code="a">The neverending story II</marc:subfield><marc:subfield code="b">Enr. sonore</marc:subfield><marc:subfield code="e">[B.O.F.]</marc:subfield><marc:subfield code="f">Giorgio Moroder</marc:subfield><marc:subfield code="g">Robert Folk</marc:subfield></marc:datafield><marc:datafield tag="210" ind1=" " ind2=" "><marc:subfield code="d">P 1990</marc:subfield></marc:datafield><marc:datafield tag="215" ind1=" " ind2=" "><marc:subfield code="a">1 d.c.</marc:subfield></marc:datafield><marc:datafield tag="327" ind1=" " ind2=" "><marc:subfield code="a">Searching for Fantasia</marc:subfield><marc:subfield code="a">Dreams we dream</marc:subfield><marc:subfield code="a">Heaven&apos;s just a heartbeat</marc:subfield><marc:subfield code="a">The neverending story</marc:subfield><marc:subfield code="a">Dreams we dream (instrumental)</marc:subfield><marc:subfield code="a">Bastian&apos;s dream</marc:subfield><marc:subfield code="a">Falkor&apos;s quest</marc:subfield><marc:subfield code="a">Flight of the dragon</marc:subfield><marc:subfield code="a">Silver mountains</marc:subfield><marc:subfield code="a">Morning in Fantasia</marc:subfield><marc:subfield code="a">The Childlike empress</marc:subfield><marc:subfield code="a">The Giants&apos;attack</marc:subfield><marc:subfield code="a">Silver lake</marc:subfield><marc:subfield code="a">Xayide&apos;s castle</marc:subfield><marc:subfield code="a">Atreyu&apos;s return to the great plains</marc:subfield><marc:subfield code="a">Bastian&apos;s lost memories</marc:subfield><marc:subfield code="a">Silver city</marc:subfield><marc:subfield code="a">The neverending story</marc:subfield></marc:datafield><marc:datafield tag="339" ind1=" " ind2=" "><marc:subfield code="a">m</marc:subfield></marc:datafield><marc:datafield tag="606" ind1=" " ind2=" "><marc:subfield code="a">Musique de film</marc:subfield><marc:subfield code="x">Disques</marc:subfield><marc:subfield code="2">rameau</marc:subfield></marc:datafield><marc:datafield tag="679" ind1=" " ind2=" "><marc:subfield code="a">520</marc:subfield></marc:datafield><marc:datafield tag="701" ind1=" " ind2=" "><marc:subfield code="9">21002</marc:subfield><marc:subfield code="a">Moroder</marc:subfield><marc:subfield code="b">Giorgio</marc:subfield><marc:subfield code="f">1940-....</marc:subfield></marc:datafield><marc:datafield tag="701" ind1=" " ind2=" "><marc:subfield code="9">71287</marc:subfield><marc:subfield code="a">Folk</marc:subfield><marc:subfield code="b">Robert</marc:subfield><marc:subfield code="f">1949-....</marc:subfield></marc:datafield><marc:datafield tag="801" ind1=" " ind2=" "><marc:subfield code="a">FR</marc:subfield><marc:subfield code="b">595126101</marc:subfield><marc:subfield code="c">20160131</marc:subfield><marc:subfield code="g">AFNOR</marc:subfield></marc:datafield><marc:datafield tag="995" ind1=" " ind2=" "><marc:subfield code="0">0</marc:subfield><marc:subfield code="2">0</marc:subfield><marc:subfield code="4">0</marc:subfield><marc:subfield code="5">2005-03-22</marc:subfield><marc:subfield code="9">563</marc:subfield><marc:subfield code="P">17.00</marc:subfield><marc:subfield code="b">MED</marc:subfield><marc:subfield code="c">MED</marc:subfield><marc:subfield code="e">MED3C</marc:subfield><marc:subfield code="f">C0001370076</marc:subfield><marc:subfield code="h">AAPCIMF</marc:subfield><marc:subfield code="k">DC/520 NEV</marc:subfield><marc:subfield code="o">0</marc:subfield><marc:subfield code="p">17.00</marc:subfield><marc:subfield code="r">PRETSON</marc:subfield><marc:subfield code="s">DC_520_000000000000000_NEV</marc:subfield><marc:subfield code="w">68</marc:subfield><marc:subfield code="y">2016-09-27</marc:subfield></marc:datafield></marc:record>