<marc:record><marc:leader>00973nam a2200253   4500</marc:leader><marc:controlfield tag="001">452</marc:controlfield><marc:controlfield tag="003">http://www.mediathequederoubaix.fr/ark:/20179/KH452</marc:controlfield><marc:controlfield tag="005">20180719171506.0</marc:controlfield><marc:datafield tag="035" ind1="0" ind2="0"><marc:subfield code="a">HZ_RBX59014</marc:subfield></marc:datafield><marc:datafield tag="090" ind1=" " ind2=" "><marc:subfield code="a">452</marc:subfield></marc:datafield><marc:datafield tag="091" ind1=" " ind2=" "><marc:subfield code="a">0</marc:subfield></marc:datafield><marc:datafield tag="099" ind1=" " ind2=" "><marc:subfield code="t">LI</marc:subfield><marc:subfield code="c">2014-06-30</marc:subfield><marc:subfield code="d">2014-06-30</marc:subfield><marc:subfield code="x">0</marc:subfield></marc:datafield><marc:datafield tag="100" ind1=" " ind2=" "><marc:subfield code="a">19       1971    k  y0frey5003    ba</marc:subfield></marc:datafield><marc:datafield tag="101" ind1=" " ind2=" "><marc:subfield code="a">fre</marc:subfield></marc:datafield><marc:datafield tag="200" ind1=" " ind2=" "><marc:subfield code="a">Les bibliothèques en Chine pendant la première moitié du XXe siècle</marc:subfield><marc:subfield code="f">Roger Pelissier</marc:subfield></marc:datafield><marc:datafield tag="210" ind1=" " ind2=" "><marc:subfield code="a">Paris</marc:subfield><marc:subfield code="a">La Haye</marc:subfield><marc:subfield code="c">[s.n.]</marc:subfield><marc:subfield code="d">1971</marc:subfield></marc:datafield><marc:datafield tag="215" ind1=" " ind2=" "><marc:subfield code="a">366 p.</marc:subfield><marc:subfield code="d">30 cm</marc:subfield></marc:datafield><marc:datafield tag="328" ind1=" " ind2=" "><marc:subfield code="a">Thes. : Eco. : Paris, La Sorbonne : 1971</marc:subfield></marc:datafield><marc:datafield tag="339" ind1=" " ind2=" "><marc:subfield code="a">m</marc:subfield></marc:datafield><marc:datafield tag="606" ind1="0" ind2="0"><marc:subfield code="9">236087</marc:subfield><marc:subfield code="a">Bibliothèques</marc:subfield><marc:subfield code="y">Chine</marc:subfield><marc:subfield code="z">20e siècle</marc:subfield></marc:datafield><marc:datafield tag="700" ind1="0" ind2=" "><marc:subfield code="9">279012</marc:subfield><marc:subfield code="a">Pélissier</marc:subfield><marc:subfield code="b">Roger</marc:subfield><marc:subfield code="f">1924-1972</marc:subfield></marc:datafield><marc:datafield tag="801" ind1=" " ind2="0"><marc:subfield code="a">FR</marc:subfield><marc:subfield code="b">595126101</marc:subfield><marc:subfield code="c">20070828</marc:subfield><marc:subfield code="g">AFNOR</marc:subfield></marc:datafield><marc:datafield tag="930" ind1=" " ind2=" "><marc:subfield code="5">595126101:C0000955108</marc:subfield><marc:subfield code="b">595126101</marc:subfield><marc:subfield code="a">MAG L/P 4/207 772</marc:subfield><marc:subfield code="e">Fonds patrimonial</marc:subfield></marc:datafield><marc:datafield tag="995" ind1=" " ind2=" "><marc:subfield code="0">0</marc:subfield><marc:subfield code="2">0</marc:subfield><marc:subfield code="4">0</marc:subfield><marc:subfield code="5">2005-03-22</marc:subfield><marc:subfield code="9">565</marc:subfield><marc:subfield code="b">MED</marc:subfield><marc:subfield code="c">MED</marc:subfield><marc:subfield code="e">MED3J</marc:subfield><marc:subfield code="f">C0000955108</marc:subfield><marc:subfield code="h">PPEFGZZ</marc:subfield><marc:subfield code="k">MAG L/P 4/207 772</marc:subfield><marc:subfield code="o">2</marc:subfield><marc:subfield code="r">PRETLIV</marc:subfield><marc:subfield code="s">MAG_LP_4207_772000000000000</marc:subfield><marc:subfield code="y">2014-06-30</marc:subfield></marc:datafield></marc:record>