<marc:record><marc:leader>00903na  a2200253   4500</marc:leader><marc:controlfield tag="001">453</marc:controlfield><marc:controlfield tag="003">http://www.mediathequederoubaix.fr/ark:/20179/KH453</marc:controlfield><marc:controlfield tag="005">20180701143323.0</marc:controlfield><marc:datafield tag="033" ind1=" " ind2=" "><marc:subfield code="a">http://catalogue.bnf.fr/ark:/12148/cb330366831</marc:subfield></marc:datafield><marc:datafield tag="035" ind1=" " ind2=" "><marc:subfield code="a">FRBNF330366830000002</marc:subfield></marc:datafield><marc:datafield tag="090" ind1=" " ind2=" "><marc:subfield code="a">453</marc:subfield></marc:datafield><marc:datafield tag="091" ind1=" " ind2=" "><marc:subfield code="a">2</marc:subfield><marc:subfield code="b">20180701</marc:subfield><marc:subfield code="c">0</marc:subfield></marc:datafield><marc:datafield tag="099" ind1=" " ind2=" "><marc:subfield code="t">LI</marc:subfield><marc:subfield code="c">2014-06-30</marc:subfield><marc:subfield code="d">2014-06-30</marc:subfield><marc:subfield code="x">0</marc:subfield></marc:datafield><marc:datafield tag="100" ind1=" " ind2=" "><marc:subfield code="a">19       1966    k  y0frey5003    ba</marc:subfield></marc:datafield><marc:datafield tag="101" ind1=" " ind2=" "><marc:subfield code="a">fre</marc:subfield></marc:datafield><marc:datafield tag="200" ind1=" " ind2=" "><marc:subfield code="a">Liste des vedettes matières de biblio</marc:subfield></marc:datafield><marc:datafield tag="205" ind1=" " ind2=" "><marc:subfield code="a">3e éd.</marc:subfield></marc:datafield><marc:datafield tag="210" ind1=" " ind2=" "><marc:subfield code="a">Paris</marc:subfield><marc:subfield code="c">Hachette</marc:subfield><marc:subfield code="d">1966</marc:subfield></marc:datafield><marc:datafield tag="215" ind1=" " ind2=" "><marc:subfield code="a">522 p.</marc:subfield><marc:subfield code="d">28 cm</marc:subfield></marc:datafield><marc:datafield tag="339" ind1=" " ind2=" "><marc:subfield code="a">m</marc:subfield></marc:datafield><marc:datafield tag="606" ind1="0" ind2=" "><marc:subfield code="9">236088</marc:subfield><marc:subfield code="a">Indexation (documentation)</marc:subfield><marc:subfield code="x">Guides, manuels, etc.</marc:subfield></marc:datafield><marc:datafield tag="606" ind1="0" ind2=" "><marc:subfield code="9">236089</marc:subfield><marc:subfield code="a">Vedettes-matières</marc:subfield></marc:datafield><marc:datafield tag="801" ind1=" " ind2="0"><marc:subfield code="a">FR</marc:subfield><marc:subfield code="b">595126101</marc:subfield><marc:subfield code="c">20070903</marc:subfield><marc:subfield code="g">AFNOR</marc:subfield></marc:datafield><marc:datafield tag="995" ind1=" " ind2=" "><marc:subfield code="0">0</marc:subfield><marc:subfield code="2">0</marc:subfield><marc:subfield code="4">0</marc:subfield><marc:subfield code="5">2005-03-22</marc:subfield><marc:subfield code="9">566</marc:subfield><marc:subfield code="P">24.00</marc:subfield><marc:subfield code="b">MED</marc:subfield><marc:subfield code="c">MED</marc:subfield><marc:subfield code="e">MED3D</marc:subfield><marc:subfield code="f">C0000954982</marc:subfield><marc:subfield code="h">ACFBPZZ</marc:subfield><marc:subfield code="k">BIB PROF/1.43 BIB</marc:subfield><marc:subfield code="o">0</marc:subfield><marc:subfield code="p">24.00</marc:subfield><marc:subfield code="r">PRETLIV</marc:subfield><marc:subfield code="s">BIB_PROF1_43_000000000000000_B</marc:subfield><marc:subfield code="y">2008-08-23</marc:subfield></marc:datafield></marc:record>