<marc:record><marc:leader>01627nam  2200361   4500</marc:leader><marc:controlfield tag="001">455</marc:controlfield><marc:controlfield tag="003">http://www.mediathequederoubaix.fr/ark:/20179/KH455</marc:controlfield><marc:datafield tag="010" ind1=" " ind2=" "><marc:subfield code="a">2-203-01103-3</marc:subfield></marc:datafield><marc:datafield tag="020" ind1=" " ind2=" "><marc:subfield code="a">FR</marc:subfield><marc:subfield code="b">08413653</marc:subfield></marc:datafield><marc:datafield tag="021" ind1=" " ind2=" "><marc:subfield code="a">FR</marc:subfield><marc:subfield code="b">DL 83-30694</marc:subfield></marc:datafield><marc:datafield tag="033" ind1=" " ind2=" "><marc:subfield code="a">http://catalogue.bnf.fr/ark:/12148/cb34748625w</marc:subfield></marc:datafield><marc:datafield tag="035" ind1=" " ind2=" "><marc:subfield code="a">FRBNF347486250000002</marc:subfield></marc:datafield><marc:datafield tag="039" ind1=" " ind2=" "><marc:subfield code="o">OPL</marc:subfield><marc:subfield code="a">002290495</marc:subfield></marc:datafield><marc:datafield tag="090" ind1=" " ind2=" "><marc:subfield code="a">455</marc:subfield></marc:datafield><marc:datafield tag="091" ind1=" " ind2=" "><marc:subfield code="b">20180701</marc:subfield><marc:subfield code="c">1</marc:subfield><marc:subfield code="a">2</marc:subfield></marc:datafield><marc:datafield tag="099" ind1=" " ind2=" "><marc:subfield code="t">LI</marc:subfield><marc:subfield code="c">2014-06-30</marc:subfield><marc:subfield code="d">2014-06-30</marc:subfield><marc:subfield code="x">82</marc:subfield></marc:datafield><marc:datafield tag="100" ind1=" " ind2=" "><marc:subfield code="a">19840420e19831932m  y0frey50      ba</marc:subfield></marc:datafield><marc:datafield tag="101" ind1="0" ind2=" "><marc:subfield code="a">fre</marc:subfield></marc:datafield><marc:datafield tag="102" ind1=" " ind2=" "><marc:subfield code="a">ZZ</marc:subfield></marc:datafield><marc:datafield tag="105" ind1=" " ind2=" "><marc:subfield code="a">||||z   00|a|</marc:subfield></marc:datafield><marc:datafield tag="106" ind1=" " ind2=" "><marc:subfield code="a">r</marc:subfield></marc:datafield><marc:datafield tag="200" ind1="1" ind2=" "><marc:subfield code="a">Tintin en Amérique</marc:subfield><marc:subfield code="b">Texte imprimé</marc:subfield><marc:subfield code="f">par Hergé</marc:subfield></marc:datafield><marc:datafield tag="210" ind1=" " ind2=" "><marc:subfield code="a">Tournai</marc:subfield><marc:subfield code="a">Paris</marc:subfield><marc:subfield code="c">Castermann</marc:subfield><marc:subfield code="d">1983</marc:subfield><marc:subfield code="e">Impr. en Belgique</marc:subfield></marc:datafield><marc:datafield tag="215" ind1=" " ind2=" "><marc:subfield code="a">Non paginé</marc:subfield><marc:subfield code="c">Ill., couv. ill. en coul.</marc:subfield><marc:subfield code="d">32 cm</marc:subfield></marc:datafield><marc:datafield tag="225" ind1="1" ind2="9"><marc:subfield code="a">Les Aventures de Tintin, reporter du &quot; Petit vingtième &quot;</marc:subfield><marc:subfield code="v">[3]</marc:subfield></marc:datafield><marc:datafield tag="324" ind1=" " ind2=" "><marc:subfield code="a">Reprod. en fac-sim. de l&apos;éd. de Bruxelles, Éditions du &quot; Petit vingtième &quot;, 1932</marc:subfield></marc:datafield><marc:datafield tag="339" ind1=" " ind2=" "><marc:subfield code="a">a</marc:subfield></marc:datafield><marc:datafield tag="686" ind1=" " ind2=" "><marc:subfield code="a">83 </marc:subfield><marc:subfield code="2">Cadre de classement de la Bibliographie nationale française</marc:subfield></marc:datafield><marc:datafield tag="700" ind1=" " ind2=" "><marc:subfield code="3">11907331</marc:subfield><marc:subfield code="9">830</marc:subfield><marc:subfield code="a">Hergé</marc:subfield><marc:subfield code="f">1907-1983</marc:subfield><marc:subfield code="4">440</marc:subfield></marc:datafield><marc:datafield tag="801" ind1=" " ind2="0"><marc:subfield code="a">FR</marc:subfield><marc:subfield code="b">FR-751131015</marc:subfield><marc:subfield code="c">19840420</marc:subfield><marc:subfield code="g">AFNOR</marc:subfield><marc:subfield code="h">FRBNF347486250000002</marc:subfield><marc:subfield code="2">intermrc</marc:subfield></marc:datafield><marc:datafield tag="995" ind1=" " ind2=" "><marc:subfield code="0">0</marc:subfield><marc:subfield code="2">1</marc:subfield><marc:subfield code="4">0</marc:subfield><marc:subfield code="5">2014-05-03</marc:subfield><marc:subfield code="9">568</marc:subfield><marc:subfield code="P">10.60</marc:subfield><marc:subfield code="b">MED</marc:subfield><marc:subfield code="c">MED</marc:subfield><marc:subfield code="e">MED2A</marc:subfield><marc:subfield code="f">C0006018443</marc:subfield><marc:subfield code="h">JBDSRZZ</marc:subfield><marc:subfield code="k">E BD/SERIES</marc:subfield><marc:subfield code="o">0</marc:subfield><marc:subfield code="p">10.60</marc:subfield><marc:subfield code="r">PRETLIV</marc:subfield><marc:subfield code="s">E_BDSERIES</marc:subfield><marc:subfield code="w">39</marc:subfield><marc:subfield code="y">2017-08-12</marc:subfield></marc:datafield><marc:datafield tag="995" ind1=" " ind2=" "><marc:subfield code="0">0</marc:subfield><marc:subfield code="2">0</marc:subfield><marc:subfield code="4">0</marc:subfield><marc:subfield code="5">2014-05-03</marc:subfield><marc:subfield code="9">569</marc:subfield><marc:subfield code="P">3.00</marc:subfield><marc:subfield code="b">MED</marc:subfield><marc:subfield code="c">MED</marc:subfield><marc:subfield code="e">MED2A</marc:subfield><marc:subfield code="f">C0006018450</marc:subfield><marc:subfield code="h">JBDSRZZ</marc:subfield><marc:subfield code="k">E BD/SERIES</marc:subfield><marc:subfield code="n">2019-02-06</marc:subfield><marc:subfield code="o">0</marc:subfield><marc:subfield code="p">3.00</marc:subfield><marc:subfield code="r">PRETLIV</marc:subfield><marc:subfield code="s">E_BDSERIES</marc:subfield><marc:subfield code="w">46</marc:subfield><marc:subfield code="y">2019-01-16</marc:subfield></marc:datafield><marc:datafield tag="995" ind1=" " ind2=" "><marc:subfield code="0">0</marc:subfield><marc:subfield code="2">0</marc:subfield><marc:subfield code="4">0</marc:subfield><marc:subfield code="5">2005-03-22</marc:subfield><marc:subfield code="9">570</marc:subfield><marc:subfield code="P">10.00</marc:subfield><marc:subfield code="b">MED</marc:subfield><marc:subfield code="c">MED</marc:subfield><marc:subfield code="e">MED0A</marc:subfield><marc:subfield code="f">C0001288148</marc:subfield><marc:subfield code="h">JBDZZZZ</marc:subfield><marc:subfield code="k">EXT E BD/HER</marc:subfield><marc:subfield code="o">0</marc:subfield><marc:subfield code="p">10.00</marc:subfield><marc:subfield code="r">PRETLIV</marc:subfield><marc:subfield code="s">EXT_E_BDHER</marc:subfield><marc:subfield code="w">3</marc:subfield><marc:subfield code="y">2017-03-15</marc:subfield></marc:datafield></marc:record>