<marc:record><marc:leader>01120nj  a2200277   4500</marc:leader><marc:controlfield tag="001">459</marc:controlfield><marc:controlfield tag="003">http://www.mediathequederoubaix.fr/ark:/20179/KH459</marc:controlfield><marc:controlfield tag="005">20180701143324.0</marc:controlfield><marc:datafield tag="035" ind1="0" ind2="0"><marc:subfield code="a">HZ_RBX59022</marc:subfield></marc:datafield><marc:datafield tag="071" ind1="0" ind2=" "><marc:subfield code="a">DEP CD1</marc:subfield><marc:subfield code="b">DEP International</marc:subfield></marc:datafield><marc:datafield tag="090" ind1=" " ind2=" "><marc:subfield code="a">459</marc:subfield></marc:datafield><marc:datafield tag="091" ind1=" " ind2=" "><marc:subfield code="a">1</marc:subfield><marc:subfield code="b">20180701</marc:subfield><marc:subfield code="c">0</marc:subfield></marc:datafield><marc:datafield tag="099" ind1=" " ind2=" "><marc:subfield code="t">DC</marc:subfield><marc:subfield code="c">2014-06-30</marc:subfield><marc:subfield code="d">2014-06-30</marc:subfield><marc:subfield code="x">11</marc:subfield></marc:datafield><marc:datafield tag="100" ind1=" " ind2=" "><marc:subfield code="a">19       1981    k  y0frey5003    ba</marc:subfield></marc:datafield><marc:datafield tag="101" ind1=" " ind2=" "><marc:subfield code="a">fre</marc:subfield></marc:datafield><marc:datafield tag="200" ind1=" " ind2=" "><marc:subfield code="a">Present arms</marc:subfield><marc:subfield code="b">Enr. sonore</marc:subfield><marc:subfield code="f">UB40</marc:subfield></marc:datafield><marc:datafield tag="210" ind1=" " ind2=" "><marc:subfield code="d">P 1981</marc:subfield></marc:datafield><marc:datafield tag="215" ind1=" " ind2=" "><marc:subfield code="a">1 d.c.</marc:subfield><marc:subfield code="e">1 brochure</marc:subfield></marc:datafield><marc:datafield tag="327" ind1=" " ind2=" "><marc:subfield code="a">Present arms</marc:subfield><marc:subfield code="a">Sardonicus</marc:subfield><marc:subfield code="a">Don&apos;t let it pass you by</marc:subfield><marc:subfield code="a">Wild cat</marc:subfield><marc:subfield code="a">One in ten</marc:subfield><marc:subfield code="a">Don&apos;t slow down</marc:subfield><marc:subfield code="a">Silent witness</marc:subfield><marc:subfield code="a">Lamb&apos;s bread</marc:subfield><marc:subfield code="a">Don&apos;t walk on the grass</marc:subfield><marc:subfield code="a">Dr.X</marc:subfield></marc:datafield><marc:datafield tag="339" ind1=" " ind2=" "><marc:subfield code="a">m</marc:subfield></marc:datafield><marc:datafield tag="606" ind1=" " ind2=" "><marc:subfield code="a">Reggae (musique)</marc:subfield><marc:subfield code="y">Grande-Bretagne</marc:subfield><marc:subfield code="y">Angleterre (GB)</marc:subfield><marc:subfield code="x">Disques</marc:subfield><marc:subfield code="2">rameau</marc:subfield></marc:datafield><marc:datafield tag="606" ind1=" " ind2=" "><marc:subfield code="a">Cuivres, Musique de (reggae)</marc:subfield><marc:subfield code="x">Disques</marc:subfield><marc:subfield code="2">rameau</marc:subfield></marc:datafield><marc:datafield tag="679" ind1=" " ind2=" "><marc:subfield code="a">052.2</marc:subfield></marc:datafield><marc:datafield tag="710" ind1="0" ind2=" "><marc:subfield code="9">815</marc:subfield><marc:subfield code="7">ba0yba0y</marc:subfield><marc:subfield code="8">fre   </marc:subfield><marc:subfield code="3">13907218</marc:subfield><marc:subfield code="7">ba0yba0y</marc:subfield><marc:subfield code="8">fre   </marc:subfield><marc:subfield code="a">UB40</marc:subfield></marc:datafield><marc:datafield tag="801" ind1=" " ind2="0"><marc:subfield code="a">FR</marc:subfield><marc:subfield code="b">595126101</marc:subfield><marc:subfield code="c">20070828</marc:subfield><marc:subfield code="g">AFNOR</marc:subfield></marc:datafield><marc:datafield tag="995" ind1=" " ind2=" "><marc:subfield code="0">0</marc:subfield><marc:subfield code="2">0</marc:subfield><marc:subfield code="4">0</marc:subfield><marc:subfield code="5">2005-03-22</marc:subfield><marc:subfield code="9">574</marc:subfield><marc:subfield code="P">12.21</marc:subfield><marc:subfield code="b">MED</marc:subfield><marc:subfield code="c">MED</marc:subfield><marc:subfield code="e">MED1A</marc:subfield><marc:subfield code="f">C0002318653</marc:subfield><marc:subfield code="h">AMV16ZZ</marc:subfield><marc:subfield code="k">DC/052.2 UBF</marc:subfield><marc:subfield code="o">0</marc:subfield><marc:subfield code="p">12.21</marc:subfield><marc:subfield code="r">PRETSON</marc:subfield><marc:subfield code="s">DC_052_200000000000000_UBF</marc:subfield><marc:subfield code="w">144</marc:subfield><marc:subfield code="y">2017-09-14</marc:subfield></marc:datafield></marc:record>