<marc:record><marc:leader>00958nj  a2200253   4500</marc:leader><marc:controlfield tag="001">466</marc:controlfield><marc:controlfield tag="005">20180701143325.0</marc:controlfield><marc:datafield tag="035" ind1="0" ind2="0"><marc:subfield code="a">HZ_RBX59036</marc:subfield></marc:datafield><marc:datafield tag="071" ind1="0" ind2=" "><marc:subfield code="a">66889-2</marc:subfield><marc:subfield code="b">Celluloid</marc:subfield></marc:datafield><marc:datafield tag="090" ind1=" " ind2=" "><marc:subfield code="a">466</marc:subfield></marc:datafield><marc:datafield tag="091" ind1=" " ind2=" "><marc:subfield code="a">1</marc:subfield><marc:subfield code="b">20180701</marc:subfield><marc:subfield code="c">0</marc:subfield></marc:datafield><marc:datafield tag="099" ind1=" " ind2=" "><marc:subfield code="t">DC</marc:subfield><marc:subfield code="c">2014-06-30</marc:subfield><marc:subfield code="d">2014-06-30</marc:subfield><marc:subfield code="x">7</marc:subfield></marc:datafield><marc:datafield tag="100" ind1=" " ind2=" "><marc:subfield code="a">19               k  y0frey5003    ba</marc:subfield></marc:datafield><marc:datafield tag="101" ind1=" " ind2=" "><marc:subfield code="a">fre</marc:subfield></marc:datafield><marc:datafield tag="200" ind1=" " ind2=" "><marc:subfield code="a">Captured live</marc:subfield><marc:subfield code="b">Enr. sonore</marc:subfield><marc:subfield code="f">Lucky Dube</marc:subfield></marc:datafield><marc:datafield tag="210" ind1=" " ind2=" "><marc:subfield code="d">[s.d.]</marc:subfield></marc:datafield><marc:datafield tag="215" ind1=" " ind2=" "><marc:subfield code="a">1 d.c.</marc:subfield></marc:datafield><marc:datafield tag="327" ind1=" " ind2=" "><marc:subfield code="a">One love</marc:subfield><marc:subfield code="a">I&apos;ve got Jah</marc:subfield><marc:subfield code="a">Slave</marc:subfield><marc:subfield code="a">Peanut butter</marc:subfield><marc:subfield code="a">Going back to my roots</marc:subfield><marc:subfield code="a">Khululeka</marc:subfield><marc:subfield code="a">Together as one</marc:subfield><marc:subfield code="a">Born to suffer</marc:subfield><marc:subfield code="a">The hand that giveth</marc:subfield><marc:subfield code="a">Prisoner</marc:subfield><marc:subfield code="a">Truth in the world</marc:subfield></marc:datafield><marc:datafield tag="339" ind1=" " ind2=" "><marc:subfield code="a">m</marc:subfield></marc:datafield><marc:datafield tag="606" ind1=" " ind2=" "><marc:subfield code="a">Reggae (musique)</marc:subfield><marc:subfield code="y">Afrique du Sud</marc:subfield><marc:subfield code="x">Disques</marc:subfield><marc:subfield code="2">rameau</marc:subfield></marc:datafield><marc:datafield tag="679" ind1=" " ind2=" "><marc:subfield code="a">052.2</marc:subfield></marc:datafield><marc:datafield tag="700" ind1="0" ind2="y"><marc:subfield code="9">854</marc:subfield><marc:subfield code="3">13185400</marc:subfield><marc:subfield code="a">Dube</marc:subfield><marc:subfield code="b">Lucky</marc:subfield><marc:subfield code="f">1964-2007</marc:subfield></marc:datafield><marc:datafield tag="801" ind1=" " ind2=" "><marc:subfield code="a">FR</marc:subfield><marc:subfield code="b">595126101</marc:subfield><marc:subfield code="c">20160131</marc:subfield><marc:subfield code="g">AFNOR</marc:subfield></marc:datafield><marc:datafield tag="995" ind1=" " ind2=" "><marc:subfield code="0">0</marc:subfield><marc:subfield code="2">0</marc:subfield><marc:subfield code="4">0</marc:subfield><marc:subfield code="5">2005-03-22</marc:subfield><marc:subfield code="9">581</marc:subfield><marc:subfield code="P">16.00</marc:subfield><marc:subfield code="b">MED</marc:subfield><marc:subfield code="c">MED</marc:subfield><marc:subfield code="e">MED1A</marc:subfield><marc:subfield code="f">C0001370165</marc:subfield><marc:subfield code="h">AMV16ZZ</marc:subfield><marc:subfield code="k">DC/052.2 DUB</marc:subfield><marc:subfield code="o">0</marc:subfield><marc:subfield code="p">16.00</marc:subfield><marc:subfield code="r">PRETSON</marc:subfield><marc:subfield code="s">DC_052_200000000000000_DUB</marc:subfield><marc:subfield code="w">131</marc:subfield><marc:subfield code="y">2018-02-13</marc:subfield></marc:datafield></marc:record>