<marc:record><marc:leader>01342nj  a2200313   4500</marc:leader><marc:controlfield tag="001">467</marc:controlfield><marc:controlfield tag="003">http://www.mediathequederoubaix.fr/ark:/20179/KH467</marc:controlfield><marc:controlfield tag="005">20180701143325.0</marc:controlfield><marc:datafield tag="035" ind1="0" ind2="0"><marc:subfield code="a">HZ_RBX59037</marc:subfield></marc:datafield><marc:datafield tag="071" ind1="0" ind2=" "><marc:subfield code="a">GRI 19012-2</marc:subfield><marc:subfield code="b">Niglo</marc:subfield></marc:datafield><marc:datafield tag="090" ind1=" " ind2=" "><marc:subfield code="a">467</marc:subfield></marc:datafield><marc:datafield tag="091" ind1=" " ind2=" "><marc:subfield code="a">1</marc:subfield><marc:subfield code="b">20180701</marc:subfield><marc:subfield code="c">0</marc:subfield></marc:datafield><marc:datafield tag="099" ind1=" " ind2=" "><marc:subfield code="t">DC</marc:subfield><marc:subfield code="c">2014-06-30</marc:subfield><marc:subfield code="d">2014-06-30</marc:subfield><marc:subfield code="x">2</marc:subfield></marc:datafield><marc:datafield tag="100" ind1=" " ind2=" "><marc:subfield code="a">19       1990    k  y0frey5003    ba</marc:subfield></marc:datafield><marc:datafield tag="101" ind1=" " ind2=" "><marc:subfield code="a">fre</marc:subfield></marc:datafield><marc:datafield tag="200" ind1=" " ind2=" "><marc:subfield code="a">Sans domicile fixe</marc:subfield><marc:subfield code="b">Enr. sonore</marc:subfield><marc:subfield code="f">Bratsch</marc:subfield></marc:datafield><marc:datafield tag="210" ind1=" " ind2=" "><marc:subfield code="d">P 1990</marc:subfield></marc:datafield><marc:datafield tag="215" ind1=" " ind2=" "><marc:subfield code="a">1 d.c.</marc:subfield></marc:datafield><marc:datafield tag="327" ind1=" " ind2=" "><marc:subfield code="a">Opa tsupa</marc:subfield><marc:subfield code="a">Doina</marc:subfield><marc:subfield code="a">Sirba d&apos;accordéon</marc:subfield><marc:subfield code="a">Ivouchki</marc:subfield><marc:subfield code="a">Maminka</marc:subfield><marc:subfield code="a">A Romalei te Djilas</marc:subfield><marc:subfield code="a">Joulik</marc:subfield><marc:subfield code="a">Hora roumaine : Lady be good</marc:subfield><marc:subfield code="a">Dicav a dro soune</marc:subfield><marc:subfield code="a">Genchina</marc:subfield><marc:subfield code="a">Opa ni Nanai</marc:subfield><marc:subfield code="a">Noubar</marc:subfield><marc:subfield code="a">Odessa bulgar</marc:subfield><marc:subfield code="a">Dona Dona</marc:subfield><marc:subfield code="a">Dan&apos;s Freilach</marc:subfield><marc:subfield code="a">Hora, Aven nachass tussa</marc:subfield><marc:subfield code="a">Hora lui sele : Place de Brouckere</marc:subfield><marc:subfield code="a">Django</marc:subfield><marc:subfield code="a">Nie bouditie</marc:subfield></marc:datafield><marc:datafield tag="339" ind1=" " ind2=" "><marc:subfield code="a">m</marc:subfield></marc:datafield><marc:datafield tag="606" ind1=" " ind2=" "><marc:subfield code="9">236008</marc:subfield><marc:subfield code="a">Tsiganes</marc:subfield><marc:subfield code="x">Musique</marc:subfield></marc:datafield><marc:datafield tag="606" ind1=" " ind2=" "><marc:subfield code="9">236098</marc:subfield><marc:subfield code="a">Bouzouki</marc:subfield><marc:subfield code="x">Disques</marc:subfield></marc:datafield><marc:datafield tag="606" ind1=" " ind2=" "><marc:subfield code="9">236099</marc:subfield><marc:subfield code="a">Violon, Musique de</marc:subfield><marc:subfield code="x">Disques</marc:subfield></marc:datafield><marc:datafield tag="606" ind1=" " ind2=" "><marc:subfield code="9">236100</marc:subfield><marc:subfield code="a">Accordéon, Musique d&apos;</marc:subfield><marc:subfield code="x">Disques</marc:subfield></marc:datafield><marc:datafield tag="606" ind1=" " ind2=" "><marc:subfield code="9">236101</marc:subfield><marc:subfield code="a">Clarinette, Musique de</marc:subfield><marc:subfield code="x">Disques</marc:subfield></marc:datafield><marc:datafield tag="679" ind1=" " ind2=" "><marc:subfield code="a">003.1</marc:subfield></marc:datafield><marc:datafield tag="710" ind1="0" ind2=" "><marc:subfield code="9">856</marc:subfield><marc:subfield code="3">13902118</marc:subfield><marc:subfield code="7">ba0yba0y</marc:subfield><marc:subfield code="8">fre   </marc:subfield><marc:subfield code="a">Bratsch</marc:subfield></marc:datafield><marc:datafield tag="801" ind1=" " ind2="0"><marc:subfield code="a">FR</marc:subfield><marc:subfield code="b">595126101</marc:subfield><marc:subfield code="c">20070828</marc:subfield><marc:subfield code="g">AFNOR</marc:subfield></marc:datafield><marc:datafield tag="995" ind1=" " ind2=" "><marc:subfield code="0">0</marc:subfield><marc:subfield code="2">0</marc:subfield><marc:subfield code="3">0</marc:subfield><marc:subfield code="4">1</marc:subfield><marc:subfield code="5">2005-03-22</marc:subfield><marc:subfield code="9">582</marc:subfield><marc:subfield code="P">18.00</marc:subfield><marc:subfield code="b">MED</marc:subfield><marc:subfield code="c">MED</marc:subfield><marc:subfield code="e">MED1A</marc:subfield><marc:subfield code="f">C0001374614</marc:subfield><marc:subfield code="h">AMV90ZZ</marc:subfield><marc:subfield code="k">DC/003.1 BRA</marc:subfield><marc:subfield code="o">4</marc:subfield><marc:subfield code="p">18.00</marc:subfield><marc:subfield code="r">PRETSON</marc:subfield><marc:subfield code="s">DC_003_100000000000000_BRA</marc:subfield><marc:subfield code="w">112</marc:subfield><marc:subfield code="y">2018-02-17</marc:subfield><marc:subfield code="A">0</marc:subfield></marc:datafield></marc:record>