<marc:record><marc:leader>02242nam  2200421   4500</marc:leader><marc:controlfield tag="001">475</marc:controlfield><marc:controlfield tag="003">http://www.mediathequederoubaix.fr/ark:/20179/KH475</marc:controlfield><marc:datafield tag="010" ind1=" " ind2=" "><marc:subfield code="a">2-11-086976-3</marc:subfield></marc:datafield><marc:datafield tag="020" ind1=" " ind2=" "><marc:subfield code="a">FR</marc:subfield><marc:subfield code="b">29201062</marc:subfield></marc:datafield><marc:datafield tag="021" ind1=" " ind2=" "><marc:subfield code="a">FR</marc:subfield><marc:subfield code="b">DL 92-04026</marc:subfield></marc:datafield><marc:datafield tag="033" ind1=" " ind2=" "><marc:subfield code="a">http://catalogue.bnf.fr/ark:/12148/cb36655055r</marc:subfield></marc:datafield><marc:datafield tag="035" ind1=" " ind2=" "><marc:subfield code="a">FRBNF36655055000000X</marc:subfield></marc:datafield><marc:datafield tag="039" ind1=" " ind2=" "><marc:subfield code="o">OPL</marc:subfield><marc:subfield code="a">013785177</marc:subfield></marc:datafield><marc:datafield tag="090" ind1=" " ind2=" "><marc:subfield code="a">475</marc:subfield></marc:datafield><marc:datafield tag="091" ind1=" " ind2=" "><marc:subfield code="b">20180701</marc:subfield><marc:subfield code="c">1</marc:subfield><marc:subfield code="a">2</marc:subfield></marc:datafield><marc:datafield tag="099" ind1=" " ind2=" "><marc:subfield code="t">LI</marc:subfield><marc:subfield code="c">2014-06-30</marc:subfield><marc:subfield code="d">2014-06-30</marc:subfield><marc:subfield code="x">0</marc:subfield></marc:datafield><marc:datafield tag="100" ind1=" " ind2=" "><marc:subfield code="a">19920214d1991    m  h0frey50      ba</marc:subfield></marc:datafield><marc:datafield tag="101" ind1="0" ind2=" "><marc:subfield code="a">fre</marc:subfield></marc:datafield><marc:datafield tag="102" ind1=" " ind2=" "><marc:subfield code="a">FR</marc:subfield></marc:datafield><marc:datafield tag="105" ind1=" " ind2=" "><marc:subfield code="a">||||z   00|y|</marc:subfield></marc:datafield><marc:datafield tag="106" ind1=" " ind2=" "><marc:subfield code="a">r</marc:subfield></marc:datafield><marc:datafield tag="200" ind1="1" ind2=" "><marc:subfield code="a">Enquête statistique sur les bibliothèques des comités d&apos;entreprise</marc:subfield><marc:subfield code="b">Texte imprimé</marc:subfield><marc:subfield code="e">la lecture en entreprise</marc:subfield><marc:subfield code="f">Ministère de la culture et de la communication, des grands travaux et du Bicentenaire, Direction du livre et de la lecture ; [Association des bibliothécaires français]</marc:subfield><marc:subfield code="g">[réd. par Françoise Bobin et Christine Bouvier]</marc:subfield></marc:datafield><marc:datafield tag="210" ind1=" " ind2=" "><marc:subfield code="a">Paris</marc:subfield><marc:subfield code="c">Ministère de la culture</marc:subfield><marc:subfield code="c">diff. Association des bibliothécaires français</marc:subfield><marc:subfield code="d">1991</marc:subfield><marc:subfield code="e">06-Nice</marc:subfield><marc:subfield code="g">Atelier d&apos;impression</marc:subfield></marc:datafield><marc:datafield tag="215" ind1=" " ind2=" "><marc:subfield code="a">121 p.</marc:subfield><marc:subfield code="c">ill., couv. ill.</marc:subfield><marc:subfield code="d">30 cm</marc:subfield></marc:datafield><marc:datafield tag="300" ind1=" " ind2=" "><marc:subfield code="a">Bibliogr. p. 117</marc:subfield></marc:datafield><marc:datafield tag="300" ind1=" " ind2=" "><marc:subfield code="a">Titre de couv. : &quot;La lecture en entreprise, les bibliothèques de comités d&apos;entreprise&quot;</marc:subfield></marc:datafield><marc:datafield tag="339" ind1=" " ind2=" "><marc:subfield code="a">m</marc:subfield></marc:datafield><marc:datafield tag="517" ind1="1" ind2=" "><marc:subfield code="a">La lecture en entreprise, les bibliothèques de comités d&apos;entreprise</marc:subfield></marc:datafield><marc:datafield tag="606" ind1=" " ind2=" "><marc:subfield code="3">11959591</marc:subfield><marc:subfield code="9">864</marc:subfield><marc:subfield code="a">Bibliothèques d&apos;entreprises</marc:subfield><marc:subfield code="3">11931476</marc:subfield><marc:subfield code="9">109</marc:subfield><marc:subfield code="y">France</marc:subfield><marc:subfield code="2">rameau</marc:subfield></marc:datafield><marc:datafield tag="606" ind1=" " ind2=" "><marc:subfield code="3">11975814</marc:subfield><marc:subfield code="9">503</marc:subfield><marc:subfield code="a">Travailleurs</marc:subfield><marc:subfield code="3">11931476</marc:subfield><marc:subfield code="9">109</marc:subfield><marc:subfield code="y">France</marc:subfield><marc:subfield code="3">13318354</marc:subfield><marc:subfield code="9">865</marc:subfield><marc:subfield code="x">Livres et lecture</marc:subfield><marc:subfield code="2">rameau</marc:subfield></marc:datafield><marc:datafield tag="676" ind1=" " ind2=" "><marc:subfield code="a">027.69</marc:subfield><marc:subfield code="v">22</marc:subfield></marc:datafield><marc:datafield tag="686" ind1=" " ind2=" "><marc:subfield code="a">362</marc:subfield><marc:subfield code="2">Cadre de classement de la Bibliographie nationale française</marc:subfield></marc:datafield><marc:datafield tag="702" ind1=" " ind2=" "><marc:subfield code="3">12926687</marc:subfield><marc:subfield code="a">Bobin</marc:subfield><marc:subfield code="b">Françoise</marc:subfield><marc:subfield code="4">710</marc:subfield></marc:datafield><marc:datafield tag="702" ind1=" " ind2=" "><marc:subfield code="3">12239732</marc:subfield><marc:subfield code="9">866</marc:subfield><marc:subfield code="o">ISNI0000000381392570</marc:subfield><marc:subfield code="a">Bouvier</marc:subfield><marc:subfield code="b">Christine</marc:subfield><marc:subfield code="f">1962-....</marc:subfield><marc:subfield code="4">710</marc:subfield></marc:datafield><marc:datafield tag="710" ind1=" " ind2=" "><marc:subfield code="3">11868504</marc:subfield><marc:subfield code="9">867</marc:subfield><marc:subfield code="o">ISNI0000000110335689</marc:subfield><marc:subfield code="a">France</marc:subfield><marc:subfield code="b">Direction du livre et de la lecture</marc:subfield><marc:subfield code="4">070</marc:subfield></marc:datafield><marc:datafield tag="711" ind1=" " ind2=" "><marc:subfield code="3">11870927</marc:subfield><marc:subfield code="9">868</marc:subfield><marc:subfield code="o">ISNI0000000121807274</marc:subfield><marc:subfield code="a">Association des bibliothécaires français</marc:subfield><marc:subfield code="4">070</marc:subfield></marc:datafield><marc:datafield tag="801" ind1=" " ind2="0"><marc:subfield code="a">FR</marc:subfield><marc:subfield code="b">FR-751131015</marc:subfield><marc:subfield code="c">19920214</marc:subfield><marc:subfield code="g">AFNOR</marc:subfield><marc:subfield code="h">FRBNF36655055000000X</marc:subfield><marc:subfield code="2">intermrc</marc:subfield></marc:datafield><marc:datafield tag="995" ind1=" " ind2=" "><marc:subfield code="0">0</marc:subfield><marc:subfield code="2">0</marc:subfield><marc:subfield code="4">0</marc:subfield><marc:subfield code="5">2005-03-22</marc:subfield><marc:subfield code="9">590</marc:subfield><marc:subfield code="P">24.00</marc:subfield><marc:subfield code="b">MED</marc:subfield><marc:subfield code="c">MED</marc:subfield><marc:subfield code="e">MED3D</marc:subfield><marc:subfield code="f">C0000385638</marc:subfield><marc:subfield code="h">ACFBPZZ</marc:subfield><marc:subfield code="k">BIB PROF/1.245 FRA</marc:subfield><marc:subfield code="o">0</marc:subfield><marc:subfield code="p">24.00</marc:subfield><marc:subfield code="r">PRETLIV</marc:subfield><marc:subfield code="s">BIB_PROF1_245_000000000000000_</marc:subfield><marc:subfield code="y">2008-08-23</marc:subfield></marc:datafield></marc:record>