<marc:record><marc:leader>01067nj  a2200265   4500</marc:leader><marc:controlfield tag="001">477</marc:controlfield><marc:controlfield tag="003">http://www.mediathequederoubaix.fr/ark:/20179/KH477</marc:controlfield><marc:controlfield tag="005">20180701143327.0</marc:controlfield><marc:datafield tag="035" ind1="0" ind2="0"><marc:subfield code="a">HZ_RBX59054</marc:subfield></marc:datafield><marc:datafield tag="071" ind1="0" ind2=" "><marc:subfield code="a">CD 3086</marc:subfield><marc:subfield code="b">RAS</marc:subfield></marc:datafield><marc:datafield tag="090" ind1=" " ind2=" "><marc:subfield code="a">477</marc:subfield></marc:datafield><marc:datafield tag="091" ind1=" " ind2=" "><marc:subfield code="a">1</marc:subfield><marc:subfield code="b">20180701</marc:subfield><marc:subfield code="c">0</marc:subfield></marc:datafield><marc:datafield tag="099" ind1=" " ind2=" "><marc:subfield code="t">DC</marc:subfield><marc:subfield code="c">2014-06-30</marc:subfield><marc:subfield code="d">2014-06-30</marc:subfield><marc:subfield code="x">7</marc:subfield></marc:datafield><marc:datafield tag="100" ind1=" " ind2=" "><marc:subfield code="a">19       1991    k  y0frey5003    ba</marc:subfield></marc:datafield><marc:datafield tag="101" ind1=" " ind2=" "><marc:subfield code="a">fre</marc:subfield></marc:datafield><marc:datafield tag="200" ind1=" " ind2=" "><marc:subfield code="a">State of shock</marc:subfield><marc:subfield code="b">Enr. sonore</marc:subfield><marc:subfield code="f">Gregory Isaacs</marc:subfield></marc:datafield><marc:datafield tag="210" ind1=" " ind2=" "><marc:subfield code="d">cop. 1991</marc:subfield></marc:datafield><marc:datafield tag="215" ind1=" " ind2=" "><marc:subfield code="a">1 d.c.</marc:subfield></marc:datafield><marc:datafield tag="327" ind1=" " ind2=" "><marc:subfield code="a">Give it with caution</marc:subfield><marc:subfield code="a">Poorman</marc:subfield><marc:subfield code="a">Enough is enough</marc:subfield><marc:subfield code="a">New love</marc:subfield><marc:subfield code="a">Round and round</marc:subfield><marc:subfield code="a">This letter</marc:subfield><marc:subfield code="a">Uptown woman</marc:subfield><marc:subfield code="a">Blouse and skirt</marc:subfield><marc:subfield code="a">Stores were closed</marc:subfield><marc:subfield code="a">Freak of the week</marc:subfield><marc:subfield code="a">Night flight</marc:subfield></marc:datafield><marc:datafield tag="339" ind1=" " ind2=" "><marc:subfield code="a">m</marc:subfield></marc:datafield><marc:datafield tag="606" ind1=" " ind2=" "><marc:subfield code="9">236094</marc:subfield><marc:subfield code="a">Reggae (musique)</marc:subfield><marc:subfield code="y">Jamaïque</marc:subfield><marc:subfield code="x">Disques</marc:subfield></marc:datafield><marc:datafield tag="679" ind1=" " ind2=" "><marc:subfield code="a">052.2</marc:subfield></marc:datafield><marc:datafield tag="700" ind1="0" ind2=" "><marc:subfield code="9">869</marc:subfield><marc:subfield code="7">ba0yba0y</marc:subfield><marc:subfield code="8">fre   </marc:subfield><marc:subfield code="3">13895490</marc:subfield><marc:subfield code="7">ba0yba0y</marc:subfield><marc:subfield code="8">fre   </marc:subfield><marc:subfield code="a">Isaacs</marc:subfield><marc:subfield code="b">Gregory</marc:subfield><marc:subfield code="f">1951-2010</marc:subfield></marc:datafield><marc:datafield tag="801" ind1=" " ind2="0"><marc:subfield code="a">FR</marc:subfield><marc:subfield code="b">595126101</marc:subfield><marc:subfield code="c">20070828</marc:subfield><marc:subfield code="g">AFNOR</marc:subfield></marc:datafield><marc:datafield tag="995" ind1=" " ind2=" "><marc:subfield code="0">0</marc:subfield><marc:subfield code="2">0</marc:subfield><marc:subfield code="4">0</marc:subfield><marc:subfield code="5">2005-03-22</marc:subfield><marc:subfield code="9">592</marc:subfield><marc:subfield code="P">19.67</marc:subfield><marc:subfield code="b">MED</marc:subfield><marc:subfield code="c">MED</marc:subfield><marc:subfield code="e">MED1A</marc:subfield><marc:subfield code="f">C0002299867</marc:subfield><marc:subfield code="h">AMV16ZZ</marc:subfield><marc:subfield code="k">DC/052.2 ISA</marc:subfield><marc:subfield code="o">0</marc:subfield><marc:subfield code="p">19.67</marc:subfield><marc:subfield code="r">PRETSON</marc:subfield><marc:subfield code="s">DC_052_200000000000000_ISA</marc:subfield><marc:subfield code="w">146</marc:subfield><marc:subfield code="y">2016-11-22</marc:subfield></marc:datafield></marc:record>