<marc:record><marc:leader>01726nam  2200349   4500</marc:leader><marc:controlfield tag="001">497</marc:controlfield><marc:controlfield tag="003">http://www.mediathequederoubaix.fr/ark:/20179/KH497</marc:controlfield><marc:datafield tag="020" ind1=" " ind2=" "><marc:subfield code="a">FR</marc:subfield><marc:subfield code="b">09229917</marc:subfield></marc:datafield><marc:datafield tag="021" ind1=" " ind2=" "><marc:subfield code="a">FR</marc:subfield><marc:subfield code="b">DL 91-14673</marc:subfield></marc:datafield><marc:datafield tag="033" ind1=" " ind2=" "><marc:subfield code="a">http://catalogue.bnf.fr/ark:/12148/cb36650959d</marc:subfield></marc:datafield><marc:datafield tag="035" ind1=" " ind2=" "><marc:subfield code="a">FRBNF366509590000005</marc:subfield></marc:datafield><marc:datafield tag="039" ind1=" " ind2=" "><marc:subfield code="o">OPL</marc:subfield><marc:subfield code="a">013142537</marc:subfield></marc:datafield><marc:datafield tag="090" ind1=" " ind2=" "><marc:subfield code="a">497</marc:subfield></marc:datafield><marc:datafield tag="091" ind1=" " ind2=" "><marc:subfield code="b">20180701</marc:subfield><marc:subfield code="c">1</marc:subfield><marc:subfield code="a">2</marc:subfield></marc:datafield><marc:datafield tag="099" ind1=" " ind2=" "><marc:subfield code="t">LI</marc:subfield><marc:subfield code="c">2014-06-30</marc:subfield><marc:subfield code="d">2014-06-30</marc:subfield><marc:subfield code="x">0</marc:subfield></marc:datafield><marc:datafield tag="100" ind1=" " ind2=" "><marc:subfield code="a">19910801d1991    m  h0frey50      ba</marc:subfield></marc:datafield><marc:datafield tag="101" ind1="0" ind2=" "><marc:subfield code="a">fre</marc:subfield></marc:datafield><marc:datafield tag="102" ind1=" " ind2=" "><marc:subfield code="a">FR</marc:subfield></marc:datafield><marc:datafield tag="105" ind1=" " ind2=" "><marc:subfield code="a">a   a   00|y|</marc:subfield></marc:datafield><marc:datafield tag="106" ind1=" " ind2=" "><marc:subfield code="a">r</marc:subfield></marc:datafield><marc:datafield tag="200" ind1="1" ind2=" "><marc:subfield code="a">Thèmes-lire</marc:subfield><marc:subfield code="b">Texte imprimé</marc:subfield><marc:subfield code="e">des clés pour ouvrir le monde</marc:subfield><marc:subfield code="f">BCP du Nord... BDP du Pas-de-Calais... Mission Lecture CRDP... Lille</marc:subfield></marc:datafield><marc:datafield tag="210" ind1=" " ind2=" "><marc:subfield code="a">Lille</marc:subfield><marc:subfield code="c">BCP du Nord</marc:subfield><marc:subfield code="a">Dainville</marc:subfield><marc:subfield code="c">BDP du Pas-de-Calais</marc:subfield><marc:subfield code="a">Lille</marc:subfield><marc:subfield code="c">Mission lecture CRDP</marc:subfield><marc:subfield code="d">1991</marc:subfield><marc:subfield code="e">59-Tourcoing</marc:subfield><marc:subfield code="g">Impr. Seros</marc:subfield></marc:datafield><marc:datafield tag="215" ind1=" " ind2=" "><marc:subfield code="a">48 p.</marc:subfield><marc:subfield code="c">ill. en noir et en coul., couv. ill. en coul.</marc:subfield><marc:subfield code="d">30 cm</marc:subfield></marc:datafield><marc:datafield tag="339" ind1=" " ind2=" "><marc:subfield code="a">m</marc:subfield></marc:datafield><marc:datafield tag="606" ind1=" " ind2=" "><marc:subfield code="3">11932269</marc:subfield><marc:subfield code="9">1656</marc:subfield><marc:subfield code="a">Littérature pour la jeunesse</marc:subfield><marc:subfield code="3">13318324</marc:subfield><marc:subfield code="9">888</marc:subfield><marc:subfield code="x">Bibliographie</marc:subfield><marc:subfield code="2">rameau</marc:subfield></marc:datafield><marc:datafield tag="606" ind1=" " ind2=" "><marc:subfield code="3">11937280</marc:subfield><marc:subfield code="9">2937</marc:subfield><marc:subfield code="a">Enfants</marc:subfield><marc:subfield code="x">Livres et lecture</marc:subfield><marc:subfield code="3">11975688</marc:subfield><marc:subfield code="9">1606</marc:subfield><marc:subfield code="x">Guides pratiques et mémentos</marc:subfield><marc:subfield code="2">rameau</marc:subfield></marc:datafield><marc:datafield tag="686" ind1=" " ind2=" "><marc:subfield code="a">0  </marc:subfield><marc:subfield code="2">Cadre de classement de la Bibliographie nationale française</marc:subfield></marc:datafield><marc:datafield tag="710" ind1=" " ind2=" "><marc:subfield code="3">12043969</marc:subfield><marc:subfield code="9">272973</marc:subfield><marc:subfield code="a">Médiathèque départementale</marc:subfield><marc:subfield code="c">Nord</marc:subfield><marc:subfield code="4">070</marc:subfield></marc:datafield><marc:datafield tag="711" ind1=" " ind2=" "><marc:subfield code="3">12259067</marc:subfield><marc:subfield code="9">272974</marc:subfield><marc:subfield code="a">Médiathèque départementale</marc:subfield><marc:subfield code="c">Pas-de-Calais</marc:subfield><marc:subfield code="4">070</marc:subfield></marc:datafield><marc:datafield tag="711" ind1=" " ind2=" "><marc:subfield code="3">12259069</marc:subfield><marc:subfield code="9">272975</marc:subfield><marc:subfield code="a">Centre régional de documentation pédagogique</marc:subfield><marc:subfield code="c">Lille</marc:subfield><marc:subfield code="b">Mission Lecture</marc:subfield><marc:subfield code="4">070</marc:subfield></marc:datafield><marc:datafield tag="801" ind1=" " ind2="0"><marc:subfield code="a">FR</marc:subfield><marc:subfield code="b">FR-751131015</marc:subfield><marc:subfield code="c">19910801</marc:subfield><marc:subfield code="g">AFNOR</marc:subfield><marc:subfield code="h">FRBNF366509590000005</marc:subfield><marc:subfield code="2">intermrc</marc:subfield></marc:datafield><marc:datafield tag="995" ind1=" " ind2=" "><marc:subfield code="0">0</marc:subfield><marc:subfield code="2">0</marc:subfield><marc:subfield code="4">0</marc:subfield><marc:subfield code="5">2005-03-22</marc:subfield><marc:subfield code="9">612</marc:subfield><marc:subfield code="P">24.00</marc:subfield><marc:subfield code="b">MED</marc:subfield><marc:subfield code="c">MED</marc:subfield><marc:subfield code="e">MED3D</marc:subfield><marc:subfield code="f">C0000385395</marc:subfield><marc:subfield code="h">ACFBPZZ</marc:subfield><marc:subfield code="k">BIB PROF/0.440 BIB</marc:subfield><marc:subfield code="o">0</marc:subfield><marc:subfield code="p">24.00</marc:subfield><marc:subfield code="r">PRETLIV</marc:subfield><marc:subfield code="s">BIB_PROF0_440_000000000000000_</marc:subfield><marc:subfield code="w">1</marc:subfield><marc:subfield code="y">2008-08-23</marc:subfield></marc:datafield></marc:record>