<marc:record><marc:leader>02271nj  a2200301   4500</marc:leader><marc:controlfield tag="001">498</marc:controlfield><marc:controlfield tag="003">http://www.mediathequederoubaix.fr/ark:/20179/KH498</marc:controlfield><marc:controlfield tag="005">20180701143330.0</marc:controlfield><marc:datafield tag="035" ind1="0" ind2="0"><marc:subfield code="a">HZ_RBX59095</marc:subfield></marc:datafield><marc:datafield tag="071" ind1="0" ind2=" "><marc:subfield code="a">U 310012</marc:subfield><marc:subfield code="b">Unidisc</marc:subfield></marc:datafield><marc:datafield tag="090" ind1=" " ind2=" "><marc:subfield code="a">498</marc:subfield></marc:datafield><marc:datafield tag="091" ind1=" " ind2=" "><marc:subfield code="a">1</marc:subfield><marc:subfield code="b">20180701</marc:subfield><marc:subfield code="c">0</marc:subfield></marc:datafield><marc:datafield tag="099" ind1=" " ind2=" "><marc:subfield code="t">DC</marc:subfield><marc:subfield code="c">2014-06-30</marc:subfield><marc:subfield code="d">2014-06-30</marc:subfield><marc:subfield code="x">3</marc:subfield></marc:datafield><marc:datafield tag="100" ind1=" " ind2=" "><marc:subfield code="a">19       1960    k  y0frey5003    ba</marc:subfield></marc:datafield><marc:datafield tag="101" ind1=" " ind2=" "><marc:subfield code="a">fre</marc:subfield></marc:datafield><marc:datafield tag="200" ind1=" " ind2=" "><marc:subfield code="a">Danses du monde</marc:subfield><marc:subfield code="b">Enr. sonore</marc:subfield><marc:subfield code="h">Vol. 1</marc:subfield><marc:subfield code="f">Orchestre François Rauber</marc:subfield><marc:subfield code="g">Centre Auvergne</marc:subfield><marc:subfield code="g">Orchestre Jacques Lacome...[et al.]</marc:subfield></marc:datafield><marc:datafield tag="210" ind1=" " ind2=" "><marc:subfield code="d">P 1960-1990</marc:subfield></marc:datafield><marc:datafield tag="215" ind1=" " ind2=" "><marc:subfield code="a">1 d.c.</marc:subfield><marc:subfield code="e">1 brochure</marc:subfield></marc:datafield><marc:datafield tag="327" ind1=" " ind2=" "><marc:subfield code="a">Allemagne : Jecker Quadrille / Ensemble folkloriquque &quot;Die Lustigen Tanzer&quot;</marc:subfield><marc:subfield code="a">Angleterre : Spanish Walz / The Yeomen of Ballangigh</marc:subfield><marc:subfield code="a">Argentine : El pericon / Jesus Vera Arenas</marc:subfield><marc:subfield code="a">Autriche : Der Paschade Fluge / Ensemble folkloriqque &quot;Die Lustigen Tanzer&quot;</marc:subfield><marc:subfield code="a">Bolivie : Chilili / Los Gringos</marc:subfield><marc:subfield code="a">Bulgarie : Pravo horo / Ansambl Makedonia</marc:subfield><marc:subfield code="a">Canada : Reel Anne-Marie / Orchestre François Rauber</marc:subfield><marc:subfield code="a">Espagne : Ball de cercolets / La Cobla Barcelona</marc:subfield><marc:subfield code="a">Etats-Unis : Oh, Suzanna / Texas Boys Orchestre</marc:subfield><marc:subfield code="a">France : Bourrée carrée / Groupe Folklorique &quot;Centre Auvergne&quot;</marc:subfield><marc:subfield code="a">Grèce : Yerakina / Orchestre typique &quot;Beskrajan&quot;</marc:subfield><marc:subfield code="a">Hongrie : Danse des bâtons / Ensemble Janos Bihari</marc:subfield><marc:subfield code="a">Israël : Hava netze ba machol / Ballet folkloriqueAloomim</marc:subfield><marc:subfield code="a">Italie : Tarentelle calabraise / Orchestra &quot;Campagnola&quot;</marc:subfield><marc:subfield code="a">Liban : Sahra / Ensemble &quot;Al Anovar&quot;</marc:subfield><marc:subfield code="a">Madagascar : Afindrafindrao / Groupe &quot;Ny Antsaly&quot;</marc:subfield><marc:subfield code="a">Mexique : La Cucaracha / Orchestre &quot;Los Mariachis&quot;</marc:subfield><marc:subfield code="a">Norvège : Alle manns marsj / Orchestre Henri Veysseyre</marc:subfield><marc:subfield code="a">Suède : Salut au roi Gustave / Orchestre Amundsen</marc:subfield><marc:subfield code="a">Suisse : Polka de koppiger / Orchestre Jacques Lacome</marc:subfield><marc:subfield code="a">U.R.S.S. / Khorovodnaya / Ensemble Georges Streha</marc:subfield><marc:subfield code="a">Yougoslavie : Moravac / Orchestre typique &quot;Plovka&quot;</marc:subfield></marc:datafield><marc:datafield tag="339" ind1=" " ind2=" "><marc:subfield code="a">a</marc:subfield></marc:datafield><marc:datafield tag="606" ind1=" " ind2=" "><marc:subfield code="9">236105</marc:subfield><marc:subfield code="a">Danse pour enfants</marc:subfield><marc:subfield code="x">Disques</marc:subfield></marc:datafield><marc:datafield tag="606" ind1=" " ind2=" "><marc:subfield code="9">236106</marc:subfield><marc:subfield code="a">Musique traditionnelle</marc:subfield><marc:subfield code="x">Disques</marc:subfield></marc:datafield><marc:datafield tag="679" ind1=" " ind2=" "><marc:subfield code="a">732</marc:subfield></marc:datafield><marc:datafield tag="712" ind1="0" ind2=" "><marc:subfield code="9">122868</marc:subfield><marc:subfield code="a">Orchestre François Rauber</marc:subfield></marc:datafield><marc:datafield tag="712" ind1=" " ind2=" "><marc:subfield code="9">122869</marc:subfield><marc:subfield code="a">Groupe folklorique Centre Auvergne</marc:subfield></marc:datafield><marc:datafield tag="712" ind1=" " ind2=" "><marc:subfield code="9">122870</marc:subfield><marc:subfield code="a">Orchestre Jacques Lacome</marc:subfield></marc:datafield><marc:datafield tag="801" ind1=" " ind2="0"><marc:subfield code="a">FR</marc:subfield><marc:subfield code="b">595126101</marc:subfield><marc:subfield code="c">20070828</marc:subfield><marc:subfield code="g">AFNOR</marc:subfield></marc:datafield><marc:datafield tag="995" ind1=" " ind2=" "><marc:subfield code="0">0</marc:subfield><marc:subfield code="2">0</marc:subfield><marc:subfield code="4">0</marc:subfield><marc:subfield code="5">2005-03-22</marc:subfield><marc:subfield code="9">613</marc:subfield><marc:subfield code="P">16.00</marc:subfield><marc:subfield code="b">MED</marc:subfield><marc:subfield code="c">MED</marc:subfield><marc:subfield code="e">MED2A</marc:subfield><marc:subfield code="f">C0001373090</marc:subfield><marc:subfield code="h">JMUEFZZ</marc:subfield><marc:subfield code="k">DC/732 DAN</marc:subfield><marc:subfield code="o">0</marc:subfield><marc:subfield code="p">16.00</marc:subfield><marc:subfield code="r">PRETSON</marc:subfield><marc:subfield code="s">DC_732_000000000000000_DAN</marc:subfield><marc:subfield code="w">85</marc:subfield><marc:subfield code="y">2018-03-28</marc:subfield></marc:datafield></marc:record>