<marc:record><marc:leader>01072nj  a2200265   4500</marc:leader><marc:controlfield tag="001">499</marc:controlfield><marc:controlfield tag="003">http://www.mediathequederoubaix.fr/ark:/20179/KH499</marc:controlfield><marc:controlfield tag="005">20180701143330.0</marc:controlfield><marc:datafield tag="035" ind1="0" ind2="0"><marc:subfield code="a">HZ_RBX59096</marc:subfield></marc:datafield><marc:datafield tag="071" ind1="0" ind2=" "><marc:subfield code="a">196</marc:subfield><marc:subfield code="b">Trojan</marc:subfield></marc:datafield><marc:datafield tag="090" ind1=" " ind2=" "><marc:subfield code="a">499</marc:subfield></marc:datafield><marc:datafield tag="091" ind1=" " ind2=" "><marc:subfield code="a">1</marc:subfield><marc:subfield code="b">20180701</marc:subfield><marc:subfield code="c">0</marc:subfield></marc:datafield><marc:datafield tag="099" ind1=" " ind2=" "><marc:subfield code="t">DC</marc:subfield><marc:subfield code="c">2014-06-30</marc:subfield><marc:subfield code="d">2014-06-30</marc:subfield><marc:subfield code="x">9</marc:subfield></marc:datafield><marc:datafield tag="100" ind1=" " ind2=" "><marc:subfield code="a">19       1989    k  y0frey5003    ba</marc:subfield></marc:datafield><marc:datafield tag="101" ind1=" " ind2=" "><marc:subfield code="a">fre</marc:subfield></marc:datafield><marc:datafield tag="200" ind1=" " ind2=" "><marc:subfield code="a">The early years</marc:subfield><marc:subfield code="b">Enr. sonore</marc:subfield><marc:subfield code="f">Gregory Isaacs</marc:subfield></marc:datafield><marc:datafield tag="210" ind1=" " ind2=" "><marc:subfield code="d">P 1989</marc:subfield></marc:datafield><marc:datafield tag="215" ind1=" " ind2=" "><marc:subfield code="a">1 d.c.</marc:subfield></marc:datafield><marc:datafield tag="327" ind1=" " ind2=" "><marc:subfield code="a">Rock away</marc:subfield><marc:subfield code="a">Sweeter the victory</marc:subfield><marc:subfield code="a">Sinner man</marc:subfield><marc:subfield code="a">Lonely lover</marc:subfield><marc:subfield code="a">Loving pauper</marc:subfield><marc:subfield code="a">Promised land</marc:subfield><marc:subfield code="a">Love is overdue</marc:subfield><marc:subfield code="a">Bad da</marc:subfield><marc:subfield code="a">Way of life</marc:subfield><marc:subfield code="a">Financial endorsement</marc:subfield><marc:subfield code="a">Give a hand</marc:subfield><marc:subfield code="a">All i have is love</marc:subfield></marc:datafield><marc:datafield tag="339" ind1=" " ind2=" "><marc:subfield code="a">m</marc:subfield></marc:datafield><marc:datafield tag="606" ind1=" " ind2=" "><marc:subfield code="a">Reggae (musique)</marc:subfield><marc:subfield code="y">Jamaïque</marc:subfield><marc:subfield code="x">Disques</marc:subfield><marc:subfield code="2">rameau</marc:subfield></marc:datafield><marc:datafield tag="679" ind1=" " ind2=" "><marc:subfield code="a">052.2</marc:subfield></marc:datafield><marc:datafield tag="700" ind1="0" ind2=" "><marc:subfield code="9">869</marc:subfield><marc:subfield code="7">ba0yba0y</marc:subfield><marc:subfield code="8">fre   </marc:subfield><marc:subfield code="3">13895490</marc:subfield><marc:subfield code="7">ba0yba0y</marc:subfield><marc:subfield code="8">fre   </marc:subfield><marc:subfield code="a">Isaacs</marc:subfield><marc:subfield code="b">Gregory</marc:subfield><marc:subfield code="f">1951-2010</marc:subfield></marc:datafield><marc:datafield tag="801" ind1=" " ind2="0"><marc:subfield code="a">FR</marc:subfield><marc:subfield code="b">595126101</marc:subfield><marc:subfield code="c">20070828</marc:subfield><marc:subfield code="g">AFNOR</marc:subfield></marc:datafield><marc:datafield tag="995" ind1=" " ind2=" "><marc:subfield code="0">0</marc:subfield><marc:subfield code="2">0</marc:subfield><marc:subfield code="4">0</marc:subfield><marc:subfield code="5">2005-03-22</marc:subfield><marc:subfield code="9">614</marc:subfield><marc:subfield code="P">18.60</marc:subfield><marc:subfield code="b">MED</marc:subfield><marc:subfield code="c">MED</marc:subfield><marc:subfield code="e">MED1A</marc:subfield><marc:subfield code="f">C0002299469</marc:subfield><marc:subfield code="h">AMV16ZZ</marc:subfield><marc:subfield code="k">DC/052.2 ISA</marc:subfield><marc:subfield code="o">0</marc:subfield><marc:subfield code="p">18.60</marc:subfield><marc:subfield code="r">PRETSON</marc:subfield><marc:subfield code="s">DC_052_200000000000000_ISA</marc:subfield><marc:subfield code="w">185</marc:subfield><marc:subfield code="y">2017-07-18</marc:subfield></marc:datafield></marc:record>