<marc:record><marc:leader>01242nj  a2200301   4500</marc:leader><marc:controlfield tag="001">500</marc:controlfield><marc:controlfield tag="003">http://www.mediathequederoubaix.fr/ark:/20179/KH500</marc:controlfield><marc:controlfield tag="005">20180701143330.0</marc:controlfield><marc:datafield tag="035" ind1="0" ind2="0"><marc:subfield code="a">HZ_RBX59098</marc:subfield></marc:datafield><marc:datafield tag="071" ind1="0" ind2=" "><marc:subfield code="a">CEL 6794</marc:subfield><marc:subfield code="b">Celluloid</marc:subfield></marc:datafield><marc:datafield tag="090" ind1=" " ind2=" "><marc:subfield code="a">500</marc:subfield></marc:datafield><marc:datafield tag="091" ind1=" " ind2=" "><marc:subfield code="a">1</marc:subfield><marc:subfield code="b">20180701</marc:subfield><marc:subfield code="c">0</marc:subfield></marc:datafield><marc:datafield tag="099" ind1=" " ind2=" "><marc:subfield code="t">DC</marc:subfield><marc:subfield code="c">2014-06-30</marc:subfield><marc:subfield code="d">2014-06-30</marc:subfield><marc:subfield code="x">3</marc:subfield></marc:datafield><marc:datafield tag="100" ind1=" " ind2=" "><marc:subfield code="a">19       1995    k  y0frey5003    ba</marc:subfield></marc:datafield><marc:datafield tag="101" ind1=" " ind2=" "><marc:subfield code="a">fre</marc:subfield></marc:datafield><marc:datafield tag="200" ind1=" " ind2=" "><marc:subfield code="a">Les cathédrales de l&apos;industrie</marc:subfield><marc:subfield code="b">Enr. sonore</marc:subfield><marc:subfield code="f">Malicorne</marc:subfield></marc:datafield><marc:datafield tag="210" ind1=" " ind2=" "><marc:subfield code="d">[1995]</marc:subfield></marc:datafield><marc:datafield tag="215" ind1=" " ind2=" "><marc:subfield code="a">1 d.c.</marc:subfield></marc:datafield><marc:datafield tag="327" ind1=" " ind2=" "><marc:subfield code="a">Les cathédrales de l&apos;industrie</marc:subfield><marc:subfield code="a">Dormeur</marc:subfield><marc:subfield code="a">Il me reste un voyage à faire</marc:subfield><marc:subfield code="a">La nuit des sorcières</marc:subfield><marc:subfield code="a">Big science (1, 2, 3)</marc:subfield><marc:subfield code="a">Le temps</marc:subfield><marc:subfield code="a">Robe blanche, robe noire</marc:subfield><marc:subfield code="a">Sorcier</marc:subfield><marc:subfield code="a">Je resterai ici</marc:subfield></marc:datafield><marc:datafield tag="339" ind1=" " ind2=" "><marc:subfield code="a">m</marc:subfield></marc:datafield><marc:datafield tag="606" ind1=" " ind2=" "><marc:subfield code="a">Chansons françaises</marc:subfield><marc:subfield code="x">Disques</marc:subfield><marc:subfield code="2">rameau</marc:subfield></marc:datafield><marc:datafield tag="606" ind1=" " ind2=" "><marc:subfield code="7">ba0yba0y</marc:subfield><marc:subfield code="8">fre   </marc:subfield><marc:subfield code="3">12312299</marc:subfield><marc:subfield code="9">895</marc:subfield><marc:subfield code="a">Folk (musique)</marc:subfield><marc:subfield code="x">Disques</marc:subfield><marc:subfield code="2">rameau</marc:subfield></marc:datafield><marc:datafield tag="679" ind1=" " ind2=" "><marc:subfield code="a">090.2</marc:subfield></marc:datafield><marc:datafield tag="701" ind1="0" ind2=" "><marc:subfield code="9">148630</marc:subfield><marc:subfield code="a">Kowalski</marc:subfield><marc:subfield code="b">Olivier</marc:subfield></marc:datafield><marc:datafield tag="701" ind1="0" ind2=" "><marc:subfield code="9">1847</marc:subfield><marc:subfield code="7">ba0yba0y</marc:subfield><marc:subfield code="8">fre   </marc:subfield><marc:subfield code="3">13946311</marc:subfield><marc:subfield code="7">ba0yba0y</marc:subfield><marc:subfield code="8">fre   </marc:subfield><marc:subfield code="a">Yacoub</marc:subfield><marc:subfield code="b">Gabriel</marc:subfield><marc:subfield code="f">1952-....</marc:subfield></marc:datafield><marc:datafield tag="710" ind1=" " ind2=" "><marc:subfield code="9">122871</marc:subfield><marc:subfield code="a">Malicorne</marc:subfield></marc:datafield><marc:datafield tag="801" ind1=" " ind2="0"><marc:subfield code="a">FR</marc:subfield><marc:subfield code="b">595126101</marc:subfield><marc:subfield code="c">20070828</marc:subfield><marc:subfield code="g">AFNOR</marc:subfield></marc:datafield><marc:datafield tag="995" ind1=" " ind2=" "><marc:subfield code="0">0</marc:subfield><marc:subfield code="2">0</marc:subfield><marc:subfield code="4">0</marc:subfield><marc:subfield code="5">2005-03-22</marc:subfield><marc:subfield code="9">615</marc:subfield><marc:subfield code="P">17.00</marc:subfield><marc:subfield code="b">MED</marc:subfield><marc:subfield code="c">MED</marc:subfield><marc:subfield code="e">MED1A</marc:subfield><marc:subfield code="f">C0001374915</marc:subfield><marc:subfield code="h">AMV80ZZ</marc:subfield><marc:subfield code="k">DC/099.2 MAL</marc:subfield><marc:subfield code="o">0</marc:subfield><marc:subfield code="p">17.00</marc:subfield><marc:subfield code="r">PRETSON</marc:subfield><marc:subfield code="s">DC_099_200000000000000_MAL</marc:subfield><marc:subfield code="w">55</marc:subfield><marc:subfield code="y">2018-06-06</marc:subfield></marc:datafield></marc:record>