<marc:record><marc:leader>01406nj  a2200277   4500</marc:leader><marc:controlfield tag="001">507</marc:controlfield><marc:controlfield tag="003">http://www.mediathequederoubaix.fr/ark:/20179/KH507</marc:controlfield><marc:controlfield tag="005">20180918212002.0</marc:controlfield><marc:datafield tag="035" ind1="0" ind2="0"><marc:subfield code="a">HZ_RBX59111</marc:subfield></marc:datafield><marc:datafield tag="071" ind1="0" ind2=" "><marc:subfield code="a">FDC 1091</marc:subfield><marc:subfield code="b">EPM Musique</marc:subfield></marc:datafield><marc:datafield tag="090" ind1=" " ind2=" "><marc:subfield code="a">507</marc:subfield></marc:datafield><marc:datafield tag="091" ind1=" " ind2=" "><marc:subfield code="a">1</marc:subfield><marc:subfield code="b">20180701</marc:subfield><marc:subfield code="c">0</marc:subfield></marc:datafield><marc:datafield tag="099" ind1=" " ind2=" "><marc:subfield code="t">DC</marc:subfield><marc:subfield code="c">2014-06-30</marc:subfield><marc:subfield code="d">2014-06-30</marc:subfield><marc:subfield code="x">1</marc:subfield></marc:datafield><marc:datafield tag="100" ind1=" " ind2=" "><marc:subfield code="a">19       1989    k  y0frey5003    ba</marc:subfield></marc:datafield><marc:datafield tag="101" ind1=" " ind2=" "><marc:subfield code="a">fre</marc:subfield></marc:datafield><marc:datafield tag="200" ind1=" " ind2=" "><marc:subfield code="a">Guitar Legend</marc:subfield><marc:subfield code="b">Enr. sonore</marc:subfield><marc:subfield code="h">Vol.1</marc:subfield><marc:subfield code="f">Marcel Dadi</marc:subfield></marc:datafield><marc:datafield tag="210" ind1=" " ind2=" "><marc:subfield code="d">P 1989</marc:subfield></marc:datafield><marc:datafield tag="215" ind1=" " ind2=" "><marc:subfield code="a">1 d.c.</marc:subfield></marc:datafield><marc:datafield tag="327" ind1=" " ind2=" "><marc:subfield code="a">Swingy boogie</marc:subfield><marc:subfield code="a">My family in Massapequa Cocktail party</marc:subfield><marc:subfield code="a">Blueberry old time parlor</marc:subfield><marc:subfield code="a">pinewood road Chattanooga train</marc:subfield><marc:subfield code="a">Nous trois</marc:subfield><marc:subfield code="a">Waltz for Paula</marc:subfield><marc:subfield code="a">Song for Steve and Anne-Marie</marc:subfield><marc:subfield code="a">To Mom and Dad</marc:subfield><marc:subfield code="a">Two days with Charlie : Holidays with Samuel</marc:subfield><marc:subfield code="a">Romantic sauerkraut</marc:subfield><marc:subfield code="a">Billy the Keith</marc:subfield><marc:subfield code="a">Angelina B.</marc:subfield><marc:subfield code="a">My old friend Pat easy rollin&apos; : When my fingers dream of you</marc:subfield><marc:subfield code="a">Sonia, a letter for Abi</marc:subfield><marc:subfield code="a">Oh Dadi blue</marc:subfield><marc:subfield code="a">Winthers waltz ; [etc.]...</marc:subfield></marc:datafield><marc:datafield tag="339" ind1=" " ind2=" "><marc:subfield code="a">m</marc:subfield></marc:datafield><marc:datafield tag="606" ind1=" " ind2=" "><marc:subfield code="9">68281</marc:subfield><marc:subfield code="7">ba0yba0y</marc:subfield><marc:subfield code="8">fre   </marc:subfield><marc:subfield code="a">Guitare</marc:subfield></marc:datafield><marc:datafield tag="606" ind1=" " ind2=" "><marc:subfield code="7">ba0yba0y</marc:subfield><marc:subfield code="8">fre   </marc:subfield><marc:subfield code="3">16277044</marc:subfield><marc:subfield code="9">904</marc:subfield><marc:subfield code="a">Guitare, Musique de (country)</marc:subfield><marc:subfield code="x">Disques</marc:subfield><marc:subfield code="2">rameau</marc:subfield></marc:datafield><marc:datafield tag="679" ind1=" " ind2=" "><marc:subfield code="a">090.2</marc:subfield></marc:datafield><marc:datafield tag="700" ind1="0" ind2=" "><marc:subfield code="9">908</marc:subfield><marc:subfield code="7">ba0yba0y</marc:subfield><marc:subfield code="8">fre   </marc:subfield><marc:subfield code="3">13892908</marc:subfield><marc:subfield code="7">ba0yba0y</marc:subfield><marc:subfield code="8">fre   </marc:subfield><marc:subfield code="a">Dadi</marc:subfield><marc:subfield code="b">Marcel</marc:subfield><marc:subfield code="f">1951-1996</marc:subfield></marc:datafield><marc:datafield tag="801" ind1=" " ind2="0"><marc:subfield code="a">FR</marc:subfield><marc:subfield code="b">595126101</marc:subfield><marc:subfield code="c">20070828</marc:subfield><marc:subfield code="g">AFNOR</marc:subfield></marc:datafield><marc:datafield tag="995" ind1=" " ind2=" "><marc:subfield code="0">0</marc:subfield><marc:subfield code="2">0</marc:subfield><marc:subfield code="3">0</marc:subfield><marc:subfield code="4">0</marc:subfield><marc:subfield code="5">2005-03-22</marc:subfield><marc:subfield code="9">623</marc:subfield><marc:subfield code="P">17.00</marc:subfield><marc:subfield code="b">MED</marc:subfield><marc:subfield code="c">MED</marc:subfield><marc:subfield code="e">MED1A</marc:subfield><marc:subfield code="f">C0001375092</marc:subfield><marc:subfield code="h">AMV80ZZ</marc:subfield><marc:subfield code="k">DC/099.2 DAD</marc:subfield><marc:subfield code="o">0</marc:subfield><marc:subfield code="p">17.00</marc:subfield><marc:subfield code="r">PRETSON</marc:subfield><marc:subfield code="s">DC_099_200000000000000_DAD</marc:subfield><marc:subfield code="w">51</marc:subfield><marc:subfield code="y">2018-09-20</marc:subfield><marc:subfield code="A">0</marc:subfield></marc:datafield></marc:record>