<marc:record><marc:leader>00950na  a2200229   4500</marc:leader><marc:controlfield tag="001">508</marc:controlfield><marc:controlfield tag="003">http://www.mediathequederoubaix.fr/ark:/20179/KH508</marc:controlfield><marc:controlfield tag="005">20180701143330.0</marc:controlfield><marc:datafield tag="035" ind1="0" ind2="0"><marc:subfield code="a">HZ_RBX59115</marc:subfield></marc:datafield><marc:datafield tag="090" ind1=" " ind2=" "><marc:subfield code="a">508</marc:subfield></marc:datafield><marc:datafield tag="091" ind1=" " ind2=" "><marc:subfield code="a">2</marc:subfield><marc:subfield code="b">20180701</marc:subfield><marc:subfield code="c">0</marc:subfield></marc:datafield><marc:datafield tag="099" ind1=" " ind2=" "><marc:subfield code="t">LI</marc:subfield><marc:subfield code="c">2014-06-30</marc:subfield><marc:subfield code="d">2014-06-30</marc:subfield><marc:subfield code="x">0</marc:subfield></marc:datafield><marc:datafield tag="100" ind1=" " ind2=" "><marc:subfield code="a">19       1984    k  y0frey5003    ba</marc:subfield></marc:datafield><marc:datafield tag="101" ind1=" " ind2=" "><marc:subfield code="a">fre</marc:subfield></marc:datafield><marc:datafield tag="200" ind1=" " ind2=" "><marc:subfield code="a">Le roman d&apos;amour à la bibliothèque municipale</marc:subfield><marc:subfield code="e">l&apos;amour toujours, passions d&apos;aujourd&apos;hui</marc:subfield><marc:subfield code="f">Bibliothèque de la ville de Caen</marc:subfield><marc:subfield code="g">[préf. de Dominique Sineux]</marc:subfield></marc:datafield><marc:datafield tag="210" ind1=" " ind2=" "><marc:subfield code="a">Caen</marc:subfield><marc:subfield code="c">Bibliothèque municipale</marc:subfield><marc:subfield code="d">1984</marc:subfield></marc:datafield><marc:datafield tag="215" ind1=" " ind2=" "><marc:subfield code="a">27 p.</marc:subfield><marc:subfield code="c">couv. ill., ill.</marc:subfield><marc:subfield code="d">30 cm</marc:subfield></marc:datafield><marc:datafield tag="339" ind1=" " ind2=" "><marc:subfield code="a">m</marc:subfield></marc:datafield><marc:datafield tag="606" ind1="0" ind2=" "><marc:subfield code="a">Histoires d&apos;amour</marc:subfield><marc:subfield code="x">Bibliographie</marc:subfield><marc:subfield code="2">rameau</marc:subfield></marc:datafield><marc:datafield tag="702" ind1="0" ind2=" "><marc:subfield code="9">909</marc:subfield><marc:subfield code="3">12234190</marc:subfield><marc:subfield code="4">080</marc:subfield><marc:subfield code="a">Sineux</marc:subfield><marc:subfield code="b">Dominique</marc:subfield></marc:datafield><marc:datafield tag="801" ind1=" " ind2="0"><marc:subfield code="a">FR</marc:subfield><marc:subfield code="b">595126101</marc:subfield><marc:subfield code="c">20070828</marc:subfield><marc:subfield code="g">AFNOR</marc:subfield></marc:datafield><marc:datafield tag="995" ind1=" " ind2=" "><marc:subfield code="0">0</marc:subfield><marc:subfield code="2">0</marc:subfield><marc:subfield code="4">0</marc:subfield><marc:subfield code="5">2005-03-22</marc:subfield><marc:subfield code="9">624</marc:subfield><marc:subfield code="P">24.00</marc:subfield><marc:subfield code="b">MED</marc:subfield><marc:subfield code="c">MED</marc:subfield><marc:subfield code="e">MED3D</marc:subfield><marc:subfield code="f">C0000385400</marc:subfield><marc:subfield code="h">ACFBPZZ</marc:subfield><marc:subfield code="k">BIB PROF/0.456 ROM</marc:subfield><marc:subfield code="o">0</marc:subfield><marc:subfield code="p">24.00</marc:subfield><marc:subfield code="r">PRETLIV</marc:subfield><marc:subfield code="s">BIB_PROF0_456_000000000000000_</marc:subfield><marc:subfield code="y">2008-08-23</marc:subfield></marc:datafield></marc:record>