<marc:record><marc:leader>01419nj  a2200277   4500</marc:leader><marc:controlfield tag="001">509</marc:controlfield><marc:controlfield tag="005">20180918212002.0</marc:controlfield><marc:datafield tag="035" ind1="0" ind2="0"><marc:subfield code="a">HZ_RBX59116</marc:subfield></marc:datafield><marc:datafield tag="071" ind1="0" ind2=" "><marc:subfield code="a">252 623-2</marc:subfield><marc:subfield code="b">EMI France</marc:subfield></marc:datafield><marc:datafield tag="090" ind1=" " ind2=" "><marc:subfield code="a">509</marc:subfield></marc:datafield><marc:datafield tag="091" ind1=" " ind2=" "><marc:subfield code="a">1</marc:subfield><marc:subfield code="b">20180701</marc:subfield><marc:subfield code="c">0</marc:subfield></marc:datafield><marc:datafield tag="099" ind1=" " ind2=" "><marc:subfield code="t">DC</marc:subfield><marc:subfield code="c">2014-06-30</marc:subfield><marc:subfield code="d">2014-06-30</marc:subfield><marc:subfield code="x">5</marc:subfield></marc:datafield><marc:datafield tag="100" ind1=" " ind2=" "><marc:subfield code="a">19       1991    k  y0frey5003    ba</marc:subfield></marc:datafield><marc:datafield tag="101" ind1=" " ind2=" "><marc:subfield code="a">fre</marc:subfield></marc:datafield><marc:datafield tag="200" ind1=" " ind2=" "><marc:subfield code="a">Dadi and Friends</marc:subfield><marc:subfield code="b">Enr. sonore</marc:subfield><marc:subfield code="f">Marcel Dadi</marc:subfield></marc:datafield><marc:datafield tag="210" ind1=" " ind2=" "><marc:subfield code="d">P 1991</marc:subfield></marc:datafield><marc:datafield tag="215" ind1=" " ind2=" "><marc:subfield code="a">1 d.c.</marc:subfield></marc:datafield><marc:datafield tag="327" ind1=" " ind2=" "><marc:subfield code="a">Blueberry</marc:subfield><marc:subfield code="a">Lady Madonna</marc:subfield><marc:subfield code="a">Deep river blues with Gary Peterson</marc:subfield><marc:subfield code="a">Slow Blues in C. with Stefan Grossman</marc:subfield><marc:subfield code="a">Winter&apos;s waltz</marc:subfield><marc:subfield code="a">L&apos;écho des savanes</marc:subfield><marc:subfield code="a">For no one with Il Etait Une Fois</marc:subfield><marc:subfield code="a">Yankee Doodle</marc:subfield><marc:subfield code="a">La Madrugada</marc:subfield><marc:subfield code="a">Nine pound hammer</marc:subfield><marc:subfield code="a">Sonia avec Raphaël Fays</marc:subfield><marc:subfield code="a">Two days with Charlie avec Raphaël Fays</marc:subfield><marc:subfield code="a">Windy and warm avec Chet Atkins</marc:subfield><marc:subfield code="a">Madley : Lullaby of birdland ; Walk don&apos;t run</marc:subfield><marc:subfield code="a">Take five</marc:subfield><marc:subfield code="a">Winter walkin&apos;: Baby&apos;s coming home avec Chet Atkin</marc:subfield><marc:subfield code="a">Medley : Swedish rapsody ; Country gentleman avec Chet Atkins</marc:subfield><marc:subfield code="a">Ce n&apos;est qu&apos;un au revoir</marc:subfield></marc:datafield><marc:datafield tag="339" ind1=" " ind2=" "><marc:subfield code="a">m</marc:subfield></marc:datafield><marc:datafield tag="606" ind1=" " ind2=" "><marc:subfield code="9">68281</marc:subfield><marc:subfield code="a">Guitare</marc:subfield></marc:datafield><marc:datafield tag="606" ind1=" " ind2=" "><marc:subfield code="3">16277044</marc:subfield><marc:subfield code="9">904</marc:subfield><marc:subfield code="a">Guitare, Musique de (country)</marc:subfield><marc:subfield code="x">Disques</marc:subfield><marc:subfield code="2">rameau</marc:subfield></marc:datafield><marc:datafield tag="679" ind1=" " ind2=" "><marc:subfield code="a">090.2</marc:subfield></marc:datafield><marc:datafield tag="700" ind1=" " ind2=" "><marc:subfield code="9">908</marc:subfield><marc:subfield code="a">Dadi</marc:subfield><marc:subfield code="3">138929088</marc:subfield><marc:subfield code="b">Marcel</marc:subfield><marc:subfield code="f">1951-1996</marc:subfield></marc:datafield><marc:datafield tag="702" ind1=" " ind2=" "><marc:subfield code="9">906</marc:subfield><marc:subfield code="3">13890946</marc:subfield><marc:subfield code="a">Atkins</marc:subfield><marc:subfield code="b">Chet</marc:subfield><marc:subfield code="f">1924-2001</marc:subfield></marc:datafield><marc:datafield tag="801" ind1=" " ind2=" "><marc:subfield code="a">FR</marc:subfield><marc:subfield code="b">595126101</marc:subfield><marc:subfield code="c">20160131</marc:subfield><marc:subfield code="g">AFNOR</marc:subfield></marc:datafield><marc:datafield tag="995" ind1=" " ind2=" "><marc:subfield code="0">0</marc:subfield><marc:subfield code="2">0</marc:subfield><marc:subfield code="4">0</marc:subfield><marc:subfield code="5">2005-03-22</marc:subfield><marc:subfield code="9">625</marc:subfield><marc:subfield code="P">18.00</marc:subfield><marc:subfield code="b">MED</marc:subfield><marc:subfield code="c">MED</marc:subfield><marc:subfield code="e">MED1A</marc:subfield><marc:subfield code="f">C0001375157</marc:subfield><marc:subfield code="h">AMV80ZZ</marc:subfield><marc:subfield code="k">DC/090.2 DAD</marc:subfield><marc:subfield code="o">0</marc:subfield><marc:subfield code="p">18.00</marc:subfield><marc:subfield code="r">PRETSON</marc:subfield><marc:subfield code="s">DC_090_200000000000000_DAD</marc:subfield><marc:subfield code="w">48</marc:subfield><marc:subfield code="y">2018-09-25</marc:subfield></marc:datafield></marc:record>