<marc:record><marc:leader>01374nam  2200337   4500</marc:leader><marc:controlfield tag="001">510</marc:controlfield><marc:controlfield tag="003">http://www.mediathequederoubaix.fr/ark:/20179/KH510</marc:controlfield><marc:datafield tag="010" ind1=" " ind2=" "><marc:subfield code="a">2-86930-100-6</marc:subfield></marc:datafield><marc:datafield tag="020" ind1=" " ind2=" "><marc:subfield code="a">FR</marc:subfield><marc:subfield code="b">08804676</marc:subfield></marc:datafield><marc:datafield tag="021" ind1=" " ind2=" "><marc:subfield code="a">FR</marc:subfield><marc:subfield code="b">DL 87-26857</marc:subfield></marc:datafield><marc:datafield tag="033" ind1=" " ind2=" "><marc:subfield code="a">http://catalogue.bnf.fr/ark:/12148/cb34972103q</marc:subfield></marc:datafield><marc:datafield tag="035" ind1=" " ind2=" "><marc:subfield code="a">FRBNF349721030000007</marc:subfield></marc:datafield><marc:datafield tag="039" ind1=" " ind2=" "><marc:subfield code="o">OPL</marc:subfield><marc:subfield code="a">006374275</marc:subfield></marc:datafield><marc:datafield tag="090" ind1=" " ind2=" "><marc:subfield code="a">510</marc:subfield></marc:datafield><marc:datafield tag="091" ind1=" " ind2=" "><marc:subfield code="b">20180701</marc:subfield><marc:subfield code="c">1</marc:subfield><marc:subfield code="a">2</marc:subfield></marc:datafield><marc:datafield tag="099" ind1=" " ind2=" "><marc:subfield code="t">LI</marc:subfield><marc:subfield code="c">2014-06-30</marc:subfield><marc:subfield code="d">2014-06-30</marc:subfield><marc:subfield code="x">48</marc:subfield></marc:datafield><marc:datafield tag="100" ind1=" " ind2=" "><marc:subfield code="a">19840420d1987    a  y0frey50      ba</marc:subfield></marc:datafield><marc:datafield tag="101" ind1="0" ind2=" "><marc:subfield code="a">fre</marc:subfield></marc:datafield><marc:datafield tag="102" ind1=" " ind2=" "><marc:subfield code="a">FR</marc:subfield></marc:datafield><marc:datafield tag="105" ind1=" " ind2=" "><marc:subfield code="a">a   z   00|a|</marc:subfield></marc:datafield><marc:datafield tag="106" ind1=" " ind2=" "><marc:subfield code="a">r</marc:subfield></marc:datafield><marc:datafield tag="200" ind1="1" ind2=" "><marc:subfield code="a">Mon copain Max m&apos;a dit qu&apos;il comptait sur son papa pour faire ses devoirs de mathématiques</marc:subfield><marc:subfield code="b">Texte imprimé</marc:subfield><marc:subfield code="f">Alain Le Saux</marc:subfield></marc:datafield><marc:datafield tag="210" ind1=" " ind2=" "><marc:subfield code="a">Marseille</marc:subfield><marc:subfield code="c">Rivages</marc:subfield><marc:subfield code="d">1987</marc:subfield><marc:subfield code="e">13-Marseille</marc:subfield><marc:subfield code="g">Impr. A. Robert</marc:subfield></marc:datafield><marc:datafield tag="215" ind1=" " ind2=" "><marc:subfield code="a">[40] p.</marc:subfield><marc:subfield code="c">ill. en coul., couv. ill. en coul.</marc:subfield><marc:subfield code="d">19 x 21 cm</marc:subfield></marc:datafield><marc:datafield tag="339" ind1=" " ind2=" "><marc:subfield code="a">a</marc:subfield></marc:datafield><marc:datafield tag="609" ind1="0" ind2=" "><marc:subfield code="7">ba0yba0y</marc:subfield><marc:subfield code="8">fre   </marc:subfield><marc:subfield code="a">Humour</marc:subfield></marc:datafield><marc:datafield tag="609" ind1="0" ind2=" "><marc:subfield code="7">ba0yba0y</marc:subfield><marc:subfield code="8">fre   </marc:subfield><marc:subfield code="a">Mots d&apos;esprit et jeux de mots</marc:subfield></marc:datafield><marc:datafield tag="686" ind1=" " ind2=" "><marc:subfield code="a">82 </marc:subfield><marc:subfield code="2">Cadre de classement de la Bibliographie nationale française</marc:subfield></marc:datafield><marc:datafield tag="702" ind1=" " ind2=" "><marc:subfield code="3">11911795</marc:subfield><marc:subfield code="9">269253</marc:subfield><marc:subfield code="o">ISNI0000000116616991</marc:subfield><marc:subfield code="a">Le Saux</marc:subfield><marc:subfield code="b">Alain</marc:subfield><marc:subfield code="f">1936-....</marc:subfield><marc:subfield code="4">440</marc:subfield></marc:datafield><marc:datafield tag="801" ind1=" " ind2="0"><marc:subfield code="a">FR</marc:subfield><marc:subfield code="b">FR-751131015</marc:subfield><marc:subfield code="c">19840420</marc:subfield><marc:subfield code="g">AFNOR</marc:subfield><marc:subfield code="h">FRBNF349721030000007</marc:subfield><marc:subfield code="2">intermrc</marc:subfield></marc:datafield><marc:datafield tag="995" ind1=" " ind2=" "><marc:subfield code="0">0</marc:subfield><marc:subfield code="2">0</marc:subfield><marc:subfield code="4">0</marc:subfield><marc:subfield code="5">2011-09-24</marc:subfield><marc:subfield code="9">626</marc:subfield><marc:subfield code="P">12.00</marc:subfield><marc:subfield code="b">MED</marc:subfield><marc:subfield code="c">MED</marc:subfield><marc:subfield code="e">MED2A</marc:subfield><marc:subfield code="f">C0005206570</marc:subfield><marc:subfield code="h">JABEFAE</marc:subfield><marc:subfield code="k">E A/LES</marc:subfield><marc:subfield code="n">2019-02-23</marc:subfield><marc:subfield code="o">0</marc:subfield><marc:subfield code="p">12.00</marc:subfield><marc:subfield code="r">PRETLIV</marc:subfield><marc:subfield code="s">E_ALES</marc:subfield><marc:subfield code="w">78</marc:subfield><marc:subfield code="y">2019-02-02</marc:subfield></marc:datafield></marc:record>