<marc:record><marc:leader>01201nj  a2200289   4500</marc:leader><marc:controlfield tag="001">515</marc:controlfield><marc:controlfield tag="005">20180701143331.0</marc:controlfield><marc:datafield tag="035" ind1="0" ind2="0"><marc:subfield code="a">HZ_RBX59123</marc:subfield></marc:datafield><marc:datafield tag="071" ind1="0" ind2=" "><marc:subfield code="a">30925</marc:subfield><marc:subfield code="b">Virgin music</marc:subfield></marc:datafield><marc:datafield tag="090" ind1=" " ind2=" "><marc:subfield code="a">515</marc:subfield></marc:datafield><marc:datafield tag="091" ind1=" " ind2=" "><marc:subfield code="a">1</marc:subfield><marc:subfield code="b">20180701</marc:subfield><marc:subfield code="c">0</marc:subfield></marc:datafield><marc:datafield tag="099" ind1=" " ind2=" "><marc:subfield code="t">DC</marc:subfield><marc:subfield code="c">2014-06-30</marc:subfield><marc:subfield code="d">2014-06-30</marc:subfield><marc:subfield code="x">4</marc:subfield></marc:datafield><marc:datafield tag="100" ind1=" " ind2=" "><marc:subfield code="a">19       1991    k  y0frey5003    ba</marc:subfield></marc:datafield><marc:datafield tag="101" ind1=" " ind2=" "><marc:subfield code="a">fre</marc:subfield></marc:datafield><marc:datafield tag="200" ind1=" " ind2=" "><marc:subfield code="a">Le blues des racailles</marc:subfield><marc:subfield code="b">Enr. sonore</marc:subfield><marc:subfield code="f">Tonton david</marc:subfield></marc:datafield><marc:datafield tag="210" ind1=" " ind2=" "><marc:subfield code="d">P 1991</marc:subfield></marc:datafield><marc:datafield tag="215" ind1=" " ind2=" "><marc:subfield code="a">1 d.c.</marc:subfield></marc:datafield><marc:datafield tag="327" ind1=" " ind2=" "><marc:subfield code="a">Mon CV</marc:subfield><marc:subfield code="a">Le blues des racailles</marc:subfield><marc:subfield code="a">A qui la faute</marc:subfield><marc:subfield code="a">Dj beat</marc:subfield><marc:subfield code="a">Les jeunes filles vont nous tuer</marc:subfield><marc:subfield code="a">Un peu de sport</marc:subfield><marc:subfield code="a">Tonto</marc:subfield><marc:subfield code="a">Ca$h</marc:subfield><marc:subfield code="a">Des choses serieuses</marc:subfield><marc:subfield code="a">Mama</marc:subfield><marc:subfield code="a">Je parle à toi</marc:subfield><marc:subfield code="a">Ils ont appele la police pour moi</marc:subfield><marc:subfield code="a">Pretoria</marc:subfield><marc:subfield code="a">Tribute</marc:subfield><marc:subfield code="a">Peuple du monde</marc:subfield></marc:datafield><marc:datafield tag="339" ind1=" " ind2=" "><marc:subfield code="a">m</marc:subfield></marc:datafield><marc:datafield tag="600" ind1=" " ind2=" "><marc:subfield code="9">918</marc:subfield><marc:subfield code="3">13946841</marc:subfield><marc:subfield code="a">Tonton David</marc:subfield><marc:subfield code="f">1967-....</marc:subfield></marc:datafield><marc:datafield tag="600" ind1="1" ind2=" "><marc:subfield code="9">148741</marc:subfield><marc:subfield code="b">Tontonz </marc:subfield><marc:subfield code="a">Tonton </marc:subfield></marc:datafield><marc:datafield tag="600" ind1=" " ind2=" "><marc:subfield code="9">148742</marc:subfield><marc:subfield code="3">13946841</marc:subfield><marc:subfield code="f">1967-....</marc:subfield><marc:subfield code="b">Tontonz </marc:subfield></marc:datafield><marc:datafield tag="606" ind1=" " ind2=" "><marc:subfield code="3">12548808</marc:subfield><marc:subfield code="9">917</marc:subfield><marc:subfield code="a">Raggamuffin</marc:subfield><marc:subfield code="x">Disques</marc:subfield><marc:subfield code="2">rameau</marc:subfield></marc:datafield><marc:datafield tag="679" ind1=" " ind2=" "><marc:subfield code="a">052.2</marc:subfield></marc:datafield><marc:datafield tag="700" ind1=" " ind2=" "><marc:subfield code="a">Tonton David</marc:subfield><marc:subfield code="f">1967-....</marc:subfield><marc:subfield code="3">13946841</marc:subfield><marc:subfield code="9">918</marc:subfield></marc:datafield><marc:datafield tag="801" ind1=" " ind2=" "><marc:subfield code="a">Pretoria</marc:subfield><marc:subfield code="a">Tribute</marc:subfield><marc:subfield code="b">595126101</marc:subfield><marc:subfield code="c">20160131</marc:subfield><marc:subfield code="g">AFNOR</marc:subfield></marc:datafield><marc:datafield tag="995" ind1=" " ind2=" "><marc:subfield code="0">0</marc:subfield><marc:subfield code="2">0</marc:subfield><marc:subfield code="4">0</marc:subfield><marc:subfield code="5">2005-03-22</marc:subfield><marc:subfield code="9">631</marc:subfield><marc:subfield code="P">16.00</marc:subfield><marc:subfield code="b">MED</marc:subfield><marc:subfield code="c">MED</marc:subfield><marc:subfield code="e">MED1A</marc:subfield><marc:subfield code="f">C0003091652</marc:subfield><marc:subfield code="h">AMV16ZZ</marc:subfield><marc:subfield code="k">DC/052.2 TON</marc:subfield><marc:subfield code="o">0</marc:subfield><marc:subfield code="p">16.00</marc:subfield><marc:subfield code="r">PRETSON</marc:subfield><marc:subfield code="s">DC_052_200000000000000_TON</marc:subfield><marc:subfield code="w">53</marc:subfield><marc:subfield code="y">2018-02-17</marc:subfield></marc:datafield></marc:record>