<marc:record><marc:leader>00902na  a2200229   4500</marc:leader><marc:controlfield tag="001">521</marc:controlfield><marc:controlfield tag="003">http://www.mediathequederoubaix.fr/ark:/20179/KH521</marc:controlfield><marc:controlfield tag="005">20180701143332.0</marc:controlfield><marc:datafield tag="035" ind1="0" ind2="0"><marc:subfield code="a">HZ_RBX59131</marc:subfield></marc:datafield><marc:datafield tag="090" ind1=" " ind2=" "><marc:subfield code="a">521</marc:subfield></marc:datafield><marc:datafield tag="091" ind1=" " ind2=" "><marc:subfield code="a">2</marc:subfield><marc:subfield code="b">20180701</marc:subfield><marc:subfield code="c">0</marc:subfield></marc:datafield><marc:datafield tag="099" ind1=" " ind2=" "><marc:subfield code="t">LI</marc:subfield><marc:subfield code="c">2014-06-30</marc:subfield><marc:subfield code="d">2014-06-30</marc:subfield><marc:subfield code="x">0</marc:subfield></marc:datafield><marc:datafield tag="100" ind1=" " ind2=" "><marc:subfield code="a">19       1975    k  y0frey5003    ba</marc:subfield></marc:datafield><marc:datafield tag="101" ind1=" " ind2=" "><marc:subfield code="a">fre</marc:subfield></marc:datafield><marc:datafield tag="200" ind1=" " ind2=" "><marc:subfield code="a">Préparation au diplôme supérieur de bibliothécaire</marc:subfield><marc:subfield code="e">statistiques en lecture publique</marc:subfield><marc:subfield code="f">Maurice Didelot</marc:subfield></marc:datafield><marc:datafield tag="210" ind1=" " ind2=" "><marc:subfield code="a">Villeurbanne (Rhône)</marc:subfield><marc:subfield code="c">E.N.S.B.</marc:subfield><marc:subfield code="d">1975</marc:subfield></marc:datafield><marc:datafield tag="215" ind1=" " ind2=" "><marc:subfield code="a">[non paginé]</marc:subfield><marc:subfield code="d">30 cm</marc:subfield></marc:datafield><marc:datafield tag="339" ind1=" " ind2=" "><marc:subfield code="a">m</marc:subfield></marc:datafield><marc:datafield tag="606" ind1="0" ind2=" "><marc:subfield code="a">Bibliothèques</marc:subfield><marc:subfield code="x">Statistiques</marc:subfield><marc:subfield code="2">rameau</marc:subfield></marc:datafield><marc:datafield tag="700" ind1="0" ind2=" "><marc:subfield code="9">148822</marc:subfield><marc:subfield code="7">ba0yba0y</marc:subfield><marc:subfield code="8">fre   </marc:subfield><marc:subfield code="3">12602095</marc:subfield><marc:subfield code="a">Didelot</marc:subfield><marc:subfield code="b">Maurice</marc:subfield></marc:datafield><marc:datafield tag="801" ind1=" " ind2="0"><marc:subfield code="a">FR</marc:subfield><marc:subfield code="b">595126101</marc:subfield><marc:subfield code="c">20070828</marc:subfield><marc:subfield code="g">AFNOR</marc:subfield></marc:datafield><marc:datafield tag="995" ind1=" " ind2=" "><marc:subfield code="0">0</marc:subfield><marc:subfield code="2">0</marc:subfield><marc:subfield code="4">0</marc:subfield><marc:subfield code="5">2005-03-22</marc:subfield><marc:subfield code="9">637</marc:subfield><marc:subfield code="P">24.00</marc:subfield><marc:subfield code="b">MED</marc:subfield><marc:subfield code="c">MED</marc:subfield><marc:subfield code="e">MED3D</marc:subfield><marc:subfield code="f">C0000385230</marc:subfield><marc:subfield code="h">ACFBPZZ</marc:subfield><marc:subfield code="k">BIB PROF/1.11 DID</marc:subfield><marc:subfield code="o">0</marc:subfield><marc:subfield code="p">24.00</marc:subfield><marc:subfield code="r">PRETLIV</marc:subfield><marc:subfield code="s">BIB_PROF1_11_000000000000000_D</marc:subfield><marc:subfield code="y">2008-08-23</marc:subfield></marc:datafield></marc:record>