<marc:record><marc:leader>01839nam  2200349   4500</marc:leader><marc:controlfield tag="001">522</marc:controlfield><marc:controlfield tag="003">http://www.mediathequederoubaix.fr/ark:/20179/KH522</marc:controlfield><marc:datafield tag="020" ind1=" " ind2=" "><marc:subfield code="a">FR</marc:subfield><marc:subfield code="b">07819828</marc:subfield></marc:datafield><marc:datafield tag="021" ind1=" " ind2=" "><marc:subfield code="a">FR</marc:subfield><marc:subfield code="b">DL 76-21205</marc:subfield></marc:datafield><marc:datafield tag="033" ind1=" " ind2=" "><marc:subfield code="a">http://catalogue.bnf.fr/ark:/12148/cb34606993q</marc:subfield></marc:datafield><marc:datafield tag="035" ind1=" " ind2=" "><marc:subfield code="a">FRBNF346069930000002</marc:subfield></marc:datafield><marc:datafield tag="039" ind1=" " ind2=" "><marc:subfield code="o">OPL</marc:subfield><marc:subfield code="a">00064587X</marc:subfield></marc:datafield><marc:datafield tag="090" ind1=" " ind2=" "><marc:subfield code="a">522</marc:subfield></marc:datafield><marc:datafield tag="091" ind1=" " ind2=" "><marc:subfield code="b">20180701</marc:subfield><marc:subfield code="c">1</marc:subfield><marc:subfield code="a">2</marc:subfield></marc:datafield><marc:datafield tag="099" ind1=" " ind2=" "><marc:subfield code="t">LI</marc:subfield><marc:subfield code="c">2014-06-30</marc:subfield><marc:subfield code="d">2014-06-30</marc:subfield><marc:subfield code="x">0</marc:subfield></marc:datafield><marc:datafield tag="100" ind1=" " ind2=" "><marc:subfield code="a">19781110d1976    m  h0frey50      ba</marc:subfield></marc:datafield><marc:datafield tag="101" ind1="0" ind2=" "><marc:subfield code="a">fre</marc:subfield></marc:datafield><marc:datafield tag="102" ind1=" " ind2=" "><marc:subfield code="a">FR</marc:subfield></marc:datafield><marc:datafield tag="105" ind1=" " ind2=" "><marc:subfield code="a">a   z   00|y|</marc:subfield></marc:datafield><marc:datafield tag="106" ind1=" " ind2=" "><marc:subfield code="a">r</marc:subfield></marc:datafield><marc:datafield tag="200" ind1="1" ind2=" "><marc:subfield code="a">Cours de bibliothéconomie</marc:subfield><marc:subfield code="b">Texte imprimé</marc:subfield><marc:subfield code="e">sous-bibliothécaires et certificat d&apos;aptitude</marc:subfield><marc:subfield code="f">par Brigitte Richter</marc:subfield><marc:subfield code="g">avec la collaboration de M. Ménil et N. Richter ; [publié par le] Centre universitaire du Mans, Formation continue, Centre de préparation aux carrières de la documentation et des archives, [et par la] Bibliothèque universitaire</marc:subfield></marc:datafield><marc:datafield tag="210" ind1=" " ind2=" "><marc:subfield code="a">Le Mans</marc:subfield><marc:subfield code="c">Bibliothèque universitaire</marc:subfield><marc:subfield code="d">1976</marc:subfield><marc:subfield code="e">72-Le Mans</marc:subfield><marc:subfield code="g">Impr. du Centre universitaire</marc:subfield></marc:datafield><marc:datafield tag="215" ind1=" " ind2=" "><marc:subfield code="a">100 f.</marc:subfield><marc:subfield code="c">fac-sim., couv. ill.</marc:subfield><marc:subfield code="d">30 cm</marc:subfield></marc:datafield><marc:datafield tag="339" ind1=" " ind2=" "><marc:subfield code="a">m</marc:subfield></marc:datafield><marc:datafield tag="686" ind1=" " ind2=" "><marc:subfield code="a">00 </marc:subfield><marc:subfield code="2">Cadre de classement de la Bibliographie nationale française</marc:subfield></marc:datafield><marc:datafield tag="700" ind1=" " ind2=" "><marc:subfield code="3">11921913</marc:subfield><marc:subfield code="9">834</marc:subfield><marc:subfield code="o">ISNI0000000108888567</marc:subfield><marc:subfield code="a">Richter</marc:subfield><marc:subfield code="b">Brigitte</marc:subfield><marc:subfield code="f">1943-1991</marc:subfield><marc:subfield code="4">070</marc:subfield></marc:datafield><marc:datafield tag="702" ind1=" " ind2=" "><marc:subfield code="3">12625040</marc:subfield><marc:subfield code="a">Ménil</marc:subfield><marc:subfield code="b">Marcelle</marc:subfield><marc:subfield code="4">205</marc:subfield></marc:datafield><marc:datafield tag="702" ind1=" " ind2=" "><marc:subfield code="3">11921919</marc:subfield><marc:subfield code="9">820</marc:subfield><marc:subfield code="o">ISNI0000000385548325</marc:subfield><marc:subfield code="a">Richter</marc:subfield><marc:subfield code="b">Noë</marc:subfield><marc:subfield code="f">1922-....</marc:subfield><marc:subfield code="4">205</marc:subfield></marc:datafield><marc:datafield tag="712" ind1=" " ind2=" "><marc:subfield code="3">12569830</marc:subfield><marc:subfield code="9">924</marc:subfield><marc:subfield code="a">Centre de préparation aux carrières de la documentation et des archives</marc:subfield><marc:subfield code="c">Le Mans</marc:subfield><marc:subfield code="4">340</marc:subfield></marc:datafield><marc:datafield tag="712" ind1=" " ind2=" "><marc:subfield code="3">11873740</marc:subfield><marc:subfield code="9">272978</marc:subfield><marc:subfield code="o">ISNI0000000094175776</marc:subfield><marc:subfield code="a">Université du Maine</marc:subfield><marc:subfield code="b">Bibliothèque</marc:subfield><marc:subfield code="4">340</marc:subfield></marc:datafield><marc:datafield tag="801" ind1=" " ind2="0"><marc:subfield code="a">FR</marc:subfield><marc:subfield code="b">FR-751131015</marc:subfield><marc:subfield code="c">19781110</marc:subfield><marc:subfield code="g">AFNOR</marc:subfield><marc:subfield code="h">FRBNF346069930000002</marc:subfield><marc:subfield code="2">intermrc</marc:subfield></marc:datafield><marc:datafield tag="995" ind1=" " ind2=" "><marc:subfield code="0">0</marc:subfield><marc:subfield code="2">0</marc:subfield><marc:subfield code="4">0</marc:subfield><marc:subfield code="5">2005-03-22</marc:subfield><marc:subfield code="9">638</marc:subfield><marc:subfield code="P">24.00</marc:subfield><marc:subfield code="b">MED</marc:subfield><marc:subfield code="c">MED</marc:subfield><marc:subfield code="e">MED3D</marc:subfield><marc:subfield code="f">C0000385298</marc:subfield><marc:subfield code="h">ACFBPZZ</marc:subfield><marc:subfield code="k">BIB PROF/1.1 RIC</marc:subfield><marc:subfield code="o">0</marc:subfield><marc:subfield code="p">24.00</marc:subfield><marc:subfield code="r">PRETLIV</marc:subfield><marc:subfield code="s">BIB_PROF1_1_000000000000000_RI</marc:subfield><marc:subfield code="w">5</marc:subfield><marc:subfield code="y">2015-01-21</marc:subfield></marc:datafield></marc:record>