<marc:record><marc:leader>01388nj  a2200265   4500</marc:leader><marc:controlfield tag="001">525</marc:controlfield><marc:controlfield tag="003">http://www.mediathequederoubaix.fr/ark:/20179/KH525</marc:controlfield><marc:controlfield tag="005">20180701143332.0</marc:controlfield><marc:datafield tag="035" ind1="0" ind2="0"><marc:subfield code="a">HZ_RBX59137</marc:subfield></marc:datafield><marc:datafield tag="071" ind1="0" ind2=" "><marc:subfield code="a">462939 2</marc:subfield><marc:subfield code="b">CBS</marc:subfield></marc:datafield><marc:datafield tag="090" ind1=" " ind2=" "><marc:subfield code="a">525</marc:subfield></marc:datafield><marc:datafield tag="091" ind1=" " ind2=" "><marc:subfield code="a">1</marc:subfield><marc:subfield code="b">20180701</marc:subfield><marc:subfield code="c">0</marc:subfield></marc:datafield><marc:datafield tag="099" ind1=" " ind2=" "><marc:subfield code="t">DC</marc:subfield><marc:subfield code="c">2014-06-30</marc:subfield><marc:subfield code="d">2014-06-30</marc:subfield><marc:subfield code="x">2</marc:subfield></marc:datafield><marc:datafield tag="100" ind1=" " ind2=" "><marc:subfield code="a">19       1974    k  y0frey5003    ba</marc:subfield></marc:datafield><marc:datafield tag="101" ind1=" " ind2=" "><marc:subfield code="a">fre</marc:subfield></marc:datafield><marc:datafield tag="200" ind1=" " ind2=" "><marc:subfield code="a">Ritm&apos;o</marc:subfield><marc:subfield code="b">Enr. sonore</marc:subfield><marc:subfield code="e">Rythmes latins</marc:subfield><marc:subfield code="f">Xavier Cugat</marc:subfield></marc:datafield><marc:datafield tag="210" ind1=" " ind2=" "><marc:subfield code="d">P 1974</marc:subfield></marc:datafield><marc:datafield tag="215" ind1=" " ind2=" "><marc:subfield code="a">1 d.c.</marc:subfield></marc:datafield><marc:datafield tag="327" ind1=" " ind2=" "><marc:subfield code="a">Frenesi : cha cha cha</marc:subfield><marc:subfield code="a">La paloma : boléro</marc:subfield><marc:subfield code="a">La cumparsita : cha cha cha</marc:subfield><marc:subfield code="a">Besame mucho : boléro</marc:subfield><marc:subfield code="a">Copacabana : samba</marc:subfield><marc:subfield code="a">Bim bam bum : guaracha</marc:subfield><marc:subfield code="a">Brazil : samba</marc:subfield><marc:subfield code="a">Tico tico : samba</marc:subfield><marc:subfield code="a">April in Portugal : cha cha cha</marc:subfield><marc:subfield code="a">Begin the beguine : boléro</marc:subfield><marc:subfield code="a">Estrellita : boléro</marc:subfield><marc:subfield code="a">Cielito lindo : samba</marc:subfield><marc:subfield code="a">Miami beach rhumba</marc:subfield><marc:subfield code="a">Night must fall : boléro</marc:subfield><marc:subfield code="a">Boléro : nightingale</marc:subfield><marc:subfield code="a">Yours : boléro</marc:subfield><marc:subfield code="a">The peanut vendor : rumba</marc:subfield><marc:subfield code="a">Maria la o (Maria my own) : Mambo</marc:subfield><marc:subfield code="a">Say &quot;sisi&quot; (Para vigo me voy) : Samba</marc:subfield></marc:datafield><marc:datafield tag="339" ind1=" " ind2=" "><marc:subfield code="a">m</marc:subfield></marc:datafield><marc:datafield tag="679" ind1=" " ind2=" "><marc:subfield code="a">570</marc:subfield></marc:datafield><marc:datafield tag="606" ind1=" " ind2=" "><marc:subfield code="7">ba0yba0y</marc:subfield><marc:subfield code="8">fre   </marc:subfield><marc:subfield code="a">Musique d&apos;ambiance</marc:subfield><marc:subfield code="3">12235298</marc:subfield><marc:subfield code="9">2571</marc:subfield><marc:subfield code="x">Disques</marc:subfield><marc:subfield code="2">rameau</marc:subfield></marc:datafield><marc:datafield tag="700" ind1="0" ind2=" "><marc:subfield code="9">17833</marc:subfield><marc:subfield code="7">ba0yba0y</marc:subfield><marc:subfield code="8">fre   </marc:subfield><marc:subfield code="3">13892871</marc:subfield><marc:subfield code="7">ba0yba0y</marc:subfield><marc:subfield code="8">fre   </marc:subfield><marc:subfield code="a">Cugat</marc:subfield><marc:subfield code="b">Xavier</marc:subfield><marc:subfield code="f">1900-1990</marc:subfield></marc:datafield><marc:datafield tag="801" ind1=" " ind2="0"><marc:subfield code="a">FR</marc:subfield><marc:subfield code="b">595126101</marc:subfield><marc:subfield code="c">20070828</marc:subfield><marc:subfield code="g">AFNOR</marc:subfield></marc:datafield><marc:datafield tag="995" ind1=" " ind2=" "><marc:subfield code="0">0</marc:subfield><marc:subfield code="2">0</marc:subfield><marc:subfield code="4">0</marc:subfield><marc:subfield code="5">2005-03-22</marc:subfield><marc:subfield code="9">641</marc:subfield><marc:subfield code="P">17.00</marc:subfield><marc:subfield code="b">MED</marc:subfield><marc:subfield code="c">MED</marc:subfield><marc:subfield code="e">MED3C</marc:subfield><marc:subfield code="f">C0001373286</marc:subfield><marc:subfield code="h">AMV50ZZ</marc:subfield><marc:subfield code="k">DC/570 CUG</marc:subfield><marc:subfield code="o">0</marc:subfield><marc:subfield code="p">17.00</marc:subfield><marc:subfield code="r">PRETSON</marc:subfield><marc:subfield code="s">DC_570_000000000000000_CUG</marc:subfield><marc:subfield code="w">59</marc:subfield><marc:subfield code="y">2015-12-15</marc:subfield></marc:datafield></marc:record>