<marc:record><marc:leader>01256nj  a2200265   4500</marc:leader><marc:controlfield tag="001">527</marc:controlfield><marc:controlfield tag="003">http://www.mediathequederoubaix.fr/ark:/20179/KH527</marc:controlfield><marc:controlfield tag="005">20180701143332.0</marc:controlfield><marc:datafield tag="035" ind1="0" ind2="0"><marc:subfield code="a">HZ_RBX59140</marc:subfield></marc:datafield><marc:datafield tag="071" ind1="0" ind2=" "><marc:subfield code="a">690942</marc:subfield><marc:subfield code="b">Disques Mary-Josée</marc:subfield></marc:datafield><marc:datafield tag="090" ind1=" " ind2=" "><marc:subfield code="a">527</marc:subfield></marc:datafield><marc:datafield tag="091" ind1=" " ind2=" "><marc:subfield code="a">1</marc:subfield><marc:subfield code="b">20180701</marc:subfield><marc:subfield code="c">0</marc:subfield></marc:datafield><marc:datafield tag="099" ind1=" " ind2=" "><marc:subfield code="t">DC</marc:subfield><marc:subfield code="c">2014-06-30</marc:subfield><marc:subfield code="d">2014-06-30</marc:subfield><marc:subfield code="x">9</marc:subfield></marc:datafield><marc:datafield tag="100" ind1=" " ind2=" "><marc:subfield code="a">19       1991    k  y0frey5003    ba</marc:subfield></marc:datafield><marc:datafield tag="101" ind1=" " ind2=" "><marc:subfield code="a">fre</marc:subfield></marc:datafield><marc:datafield tag="200" ind1=" " ind2=" "><marc:subfield code="a">Les bêtises</marc:subfield><marc:subfield code="b">Enr. sonore</marc:subfield><marc:subfield code="h">8</marc:subfield><marc:subfield code="f">Henri Dès, par. &amp; mus.</marc:subfield></marc:datafield><marc:datafield tag="210" ind1=" " ind2=" "><marc:subfield code="d">P 1991</marc:subfield></marc:datafield><marc:datafield tag="215" ind1=" " ind2=" "><marc:subfield code="a">1 d.c.</marc:subfield><marc:subfield code="e">1 livret</marc:subfield></marc:datafield><marc:datafield tag="327" ind1=" " ind2=" "><marc:subfield code="a">13 Chansons : Les bêtises à l&apos;école (poils au nez)</marc:subfield><marc:subfield code="a">Il pleut dehors il pleut</marc:subfield><marc:subfield code="a">Y&apos;a y&apos;a un poisson</marc:subfield><marc:subfield code="a">Avec les copains</marc:subfield><marc:subfield code="a">Mon cheval gris</marc:subfield><marc:subfield code="a">Une miette de pain</marc:subfield><marc:subfield code="a">C&apos;est le printemps</marc:subfield><marc:subfield code="a">J&apos;attends maman , j&apos;attends papa</marc:subfield><marc:subfield code="a">Y&apos;a tout qui va pas</marc:subfield><marc:subfield code="a">Les mains, les pieds</marc:subfield><marc:subfield code="a">J&apos;ai pris l&apos;avion</marc:subfield><marc:subfield code="a">Pipe et jambe de bois</marc:subfield><marc:subfield code="a">Viens mon p&apos;tit coco</marc:subfield><marc:subfield code="a">13 musiques pour chanter avec l&apos;orchestre : idem</marc:subfield></marc:datafield><marc:datafield tag="339" ind1=" " ind2=" "><marc:subfield code="a">a</marc:subfield></marc:datafield><marc:datafield tag="606" ind1=" " ind2=" "><marc:subfield code="9">235966</marc:subfield><marc:subfield code="a">Chansons enfantines</marc:subfield><marc:subfield code="x">Disques</marc:subfield></marc:datafield><marc:datafield tag="679" ind1=" " ind2=" "><marc:subfield code="a">712</marc:subfield></marc:datafield><marc:datafield tag="700" ind1="0" ind2=" "><marc:subfield code="9">93948</marc:subfield><marc:subfield code="7">ba0yba0y</marc:subfield><marc:subfield code="8">fre   </marc:subfield><marc:subfield code="a">Dès</marc:subfield><marc:subfield code="b">Henri</marc:subfield><marc:subfield code="f">1940-....</marc:subfield></marc:datafield><marc:datafield tag="801" ind1=" " ind2="0"><marc:subfield code="a">FR</marc:subfield><marc:subfield code="b">595126101</marc:subfield><marc:subfield code="c">20070828</marc:subfield><marc:subfield code="g">AFNOR</marc:subfield></marc:datafield><marc:datafield tag="995" ind1=" " ind2=" "><marc:subfield code="0">0</marc:subfield><marc:subfield code="2">1</marc:subfield><marc:subfield code="3">0</marc:subfield><marc:subfield code="4">0</marc:subfield><marc:subfield code="5">2005-03-22</marc:subfield><marc:subfield code="9">643</marc:subfield><marc:subfield code="P">16.00</marc:subfield><marc:subfield code="b">MED</marc:subfield><marc:subfield code="c">MED</marc:subfield><marc:subfield code="e">MED2A</marc:subfield><marc:subfield code="f">C0001373278</marc:subfield><marc:subfield code="h">JMUEFZZ</marc:subfield><marc:subfield code="k">DC/712 DES</marc:subfield><marc:subfield code="o">4</marc:subfield><marc:subfield code="p">16.00</marc:subfield><marc:subfield code="r">PRETSON</marc:subfield><marc:subfield code="s">DC_712_000000000000000_DES</marc:subfield><marc:subfield code="w">149</marc:subfield><marc:subfield code="y">2016-11-02</marc:subfield><marc:subfield code="A">0</marc:subfield></marc:datafield></marc:record>