<marc:record><marc:leader>01693cam  2200409   4500</marc:leader><marc:controlfield tag="001">546</marc:controlfield><marc:controlfield tag="003">http://www.mediathequederoubaix.fr/ark:/20179/KH546</marc:controlfield><marc:datafield tag="010" ind1=" " ind2=" "><marc:subfield code="a">2-07-071180-3</marc:subfield><marc:subfield code="d">13.42 EUR.</marc:subfield></marc:datafield><marc:datafield tag="021" ind1=" " ind2=" "><marc:subfield code="a">FR</marc:subfield><marc:subfield code="b">DL 88-00439</marc:subfield></marc:datafield><marc:datafield tag="033" ind1=" " ind2=" "><marc:subfield code="a">http://catalogue.bnf.fr/ark:/12148/cb34925468t</marc:subfield></marc:datafield><marc:datafield tag="035" ind1=" " ind2=" "><marc:subfield code="a">FRBNF349254680000003</marc:subfield></marc:datafield><marc:datafield tag="039" ind1=" " ind2=" "><marc:subfield code="o">OPL</marc:subfield><marc:subfield code="a">005680148</marc:subfield></marc:datafield><marc:datafield tag="090" ind1=" " ind2=" "><marc:subfield code="a">546</marc:subfield></marc:datafield><marc:datafield tag="091" ind1=" " ind2=" "><marc:subfield code="b">20180701</marc:subfield><marc:subfield code="c">1</marc:subfield><marc:subfield code="a">2</marc:subfield></marc:datafield><marc:datafield tag="099" ind1=" " ind2=" "><marc:subfield code="t">LI</marc:subfield><marc:subfield code="c">2014-06-30</marc:subfield><marc:subfield code="d">2014-06-30</marc:subfield><marc:subfield code="x">2</marc:subfield></marc:datafield><marc:datafield tag="100" ind1=" " ind2=" "><marc:subfield code="a">19880127d1987    m  y0frey50      ba</marc:subfield></marc:datafield><marc:datafield tag="101" ind1="1" ind2=" "><marc:subfield code="a">fre</marc:subfield><marc:subfield code="c">eng</marc:subfield></marc:datafield><marc:datafield tag="102" ind1=" " ind2=" "><marc:subfield code="a">FR</marc:subfield></marc:datafield><marc:datafield tag="105" ind1=" " ind2=" "><marc:subfield code="a">||||z   00|a|</marc:subfield></marc:datafield><marc:datafield tag="106" ind1=" " ind2=" "><marc:subfield code="a">r</marc:subfield></marc:datafield><marc:datafield tag="200" ind1="1" ind2=" "><marc:subfield code="a">Elmer</marc:subfield><marc:subfield code="b">Texte imprimé</marc:subfield><marc:subfield code="a">(suivi de) Le Père Abraham</marc:subfield><marc:subfield code="f">William Faulkner</marc:subfield><marc:subfield code="g">éd. établie par Dianne L. Cox et par James B. Meriwether</marc:subfield><marc:subfield code="g">trad. de l&apos;anglais et préf. par Michel Gresset</marc:subfield></marc:datafield><marc:datafield tag="210" ind1=" " ind2=" "><marc:subfield code="a">Paris</marc:subfield><marc:subfield code="c">Gallimard</marc:subfield><marc:subfield code="d">1987</marc:subfield><marc:subfield code="e">18-Saint-Amand</marc:subfield><marc:subfield code="g">Impr. SEPC</marc:subfield></marc:datafield><marc:datafield tag="215" ind1=" " ind2=" "><marc:subfield code="a">249 p.</marc:subfield><marc:subfield code="d">21 cm</marc:subfield></marc:datafield><marc:datafield tag="225" ind1=" " ind2=" "><marc:subfield code="a">Du monde entier</marc:subfield><marc:subfield code="x">0750-7879</marc:subfield></marc:datafield><marc:datafield tag="339" ind1=" " ind2=" "><marc:subfield code="a">m</marc:subfield></marc:datafield><marc:datafield tag="410" ind1=" " ind2="0"><marc:subfield code="0">34232294</marc:subfield><marc:subfield code="t">Du monde entier (Paris)</marc:subfield><marc:subfield code="x">0750-7879</marc:subfield><marc:subfield code="v">488</marc:subfield></marc:datafield><marc:datafield tag="454" ind1=" " ind2="1"><marc:subfield code="t">Elmer</marc:subfield></marc:datafield><marc:datafield tag="501" ind1="1" ind2=" "><marc:subfield code="a">Oeuvres choisies</marc:subfield></marc:datafield><marc:datafield tag="676" ind1=" " ind2=" "><marc:subfield code="a">813.54</marc:subfield><marc:subfield code="v">22</marc:subfield></marc:datafield><marc:datafield tag="686" ind1=" " ind2=" "><marc:subfield code="a">823</marc:subfield><marc:subfield code="2">Cadre de classement de la Bibliographie nationale française</marc:subfield></marc:datafield><marc:datafield tag="700" ind1=" " ind2=" "><marc:subfield code="3">11902332</marc:subfield><marc:subfield code="9">944</marc:subfield><marc:subfield code="a">Faulkner</marc:subfield><marc:subfield code="b">William</marc:subfield><marc:subfield code="f">1897-1962</marc:subfield><marc:subfield code="4">070</marc:subfield></marc:datafield><marc:datafield tag="702" ind1=" " ind2=" "><marc:subfield code="3">12053979</marc:subfield><marc:subfield code="9">947</marc:subfield><marc:subfield code="o">ISNI0000000066435956</marc:subfield><marc:subfield code="a">Cox</marc:subfield><marc:subfield code="b">Dianne L.</marc:subfield><marc:subfield code="4">340</marc:subfield></marc:datafield><marc:datafield tag="702" ind1=" " ind2=" "><marc:subfield code="3">12037800</marc:subfield><marc:subfield code="9">948</marc:subfield><marc:subfield code="o">ISNI0000000110818007</marc:subfield><marc:subfield code="a">Meriwether</marc:subfield><marc:subfield code="b">James B.</marc:subfield><marc:subfield code="f">1928-....</marc:subfield><marc:subfield code="4">340</marc:subfield></marc:datafield><marc:datafield tag="702" ind1=" " ind2=" "><marc:subfield code="3">11905882</marc:subfield><marc:subfield code="9">949</marc:subfield><marc:subfield code="o">ISNI0000000084013394</marc:subfield><marc:subfield code="a">Gresset</marc:subfield><marc:subfield code="b">Michel</marc:subfield><marc:subfield code="f">1938-2005</marc:subfield><marc:subfield code="4">730</marc:subfield></marc:datafield><marc:datafield tag="801" ind1=" " ind2="0"><marc:subfield code="a">FR</marc:subfield><marc:subfield code="b">FR-751131015</marc:subfield><marc:subfield code="c">19880127</marc:subfield><marc:subfield code="g">AFNOR</marc:subfield><marc:subfield code="h">FRBNF349254680000003</marc:subfield><marc:subfield code="2">intermrc</marc:subfield></marc:datafield><marc:datafield tag="020" ind1=" " ind2=" "><marc:subfield code="a">FR</marc:subfield><marc:subfield code="b">08813581</marc:subfield></marc:datafield><marc:datafield tag="995" ind1=" " ind2=" "><marc:subfield code="0">0</marc:subfield><marc:subfield code="2">0</marc:subfield><marc:subfield code="4">0</marc:subfield><marc:subfield code="5">2005-03-22</marc:subfield><marc:subfield code="9">662</marc:subfield><marc:subfield code="P">13.42</marc:subfield><marc:subfield code="b">MED</marc:subfield><marc:subfield code="c">MED</marc:subfield><marc:subfield code="e">MED1A</marc:subfield><marc:subfield code="f">C0001147504</marc:subfield><marc:subfield code="h">ALTROZZ</marc:subfield><marc:subfield code="k">R/FAU</marc:subfield><marc:subfield code="o">0</marc:subfield><marc:subfield code="p">13.42</marc:subfield><marc:subfield code="r">PRETLIV</marc:subfield><marc:subfield code="s">RFAU</marc:subfield><marc:subfield code="w">9</marc:subfield><marc:subfield code="y">2016-08-03</marc:subfield></marc:datafield></marc:record>