<marc:record><marc:leader>01767cam  2200397   4500</marc:leader><marc:controlfield tag="001">553</marc:controlfield><marc:controlfield tag="003">http://www.mediathequederoubaix.fr/ark:/20179/KH553</marc:controlfield><marc:datafield tag="010" ind1=" " ind2=" "><marc:subfield code="a">2-7376-2701-X</marc:subfield><marc:subfield code="d">20.12 EUR.</marc:subfield></marc:datafield><marc:datafield tag="020" ind1=" " ind2=" "><marc:subfield code="a">FR</marc:subfield><marc:subfield code="b">09125277</marc:subfield></marc:datafield><marc:datafield tag="021" ind1=" " ind2=" "><marc:subfield code="a">FR</marc:subfield><marc:subfield code="b">DL 91-10583</marc:subfield></marc:datafield><marc:datafield tag="033" ind1=" " ind2=" "><marc:subfield code="a">http://catalogue.bnf.fr/ark:/12148/cb35419345x</marc:subfield></marc:datafield><marc:datafield tag="035" ind1=" " ind2=" "><marc:subfield code="a">FRBNF354193450000006</marc:subfield></marc:datafield><marc:datafield tag="039" ind1=" " ind2=" "><marc:subfield code="o">OPL</marc:subfield><marc:subfield code="a">012699394</marc:subfield></marc:datafield><marc:datafield tag="090" ind1=" " ind2=" "><marc:subfield code="a">553</marc:subfield></marc:datafield><marc:datafield tag="091" ind1=" " ind2=" "><marc:subfield code="b">20180701</marc:subfield><marc:subfield code="c">1</marc:subfield><marc:subfield code="a">2</marc:subfield></marc:datafield><marc:datafield tag="099" ind1=" " ind2=" "><marc:subfield code="t">LI</marc:subfield><marc:subfield code="c">2014-06-30</marc:subfield><marc:subfield code="d">2014-06-30</marc:subfield><marc:subfield code="x">0</marc:subfield></marc:datafield><marc:datafield tag="100" ind1=" " ind2=" "><marc:subfield code="a">19910606d1991    m  y0frey50      ba</marc:subfield></marc:datafield><marc:datafield tag="101" ind1="1" ind2=" "><marc:subfield code="a">fre</marc:subfield><marc:subfield code="c">eng</marc:subfield></marc:datafield><marc:datafield tag="102" ind1=" " ind2=" "><marc:subfield code="a">FR</marc:subfield></marc:datafield><marc:datafield tag="105" ind1=" " ind2=" "><marc:subfield code="a">a   z   00|a|</marc:subfield></marc:datafield><marc:datafield tag="106" ind1=" " ind2=" "><marc:subfield code="a">r</marc:subfield></marc:datafield><marc:datafield tag="200" ind1="1" ind2=" "><marc:subfield code="a">Tandis que j&apos;agonise</marc:subfield><marc:subfield code="b">Texte imprimé</marc:subfield><marc:subfield code="f">de William Faulkner</marc:subfield><marc:subfield code="g">[ill. de] André Juillard</marc:subfield><marc:subfield code="g">trad. de l&apos;américain par Maurice Edgar Coindreau</marc:subfield><marc:subfield code="g">préf. de Valery Larbaud</marc:subfield><marc:subfield code="g">postf. de Michel Gresset</marc:subfield></marc:datafield><marc:datafield tag="210" ind1=" " ind2=" "><marc:subfield code="a">Paris</marc:subfield><marc:subfield code="c">Futuropolis</marc:subfield><marc:subfield code="c">Gallimard</marc:subfield><marc:subfield code="d">1991</marc:subfield><marc:subfield code="e">86-Ligugé</marc:subfield><marc:subfield code="g">Impr. Aubin</marc:subfield></marc:datafield><marc:datafield tag="215" ind1=" " ind2=" "><marc:subfield code="a">189 p.</marc:subfield><marc:subfield code="c">couv. ill.</marc:subfield><marc:subfield code="d">30 cm</marc:subfield></marc:datafield><marc:datafield tag="225" ind1=" " ind2=" "><marc:subfield code="a">Futuropolis Gallimard</marc:subfield></marc:datafield><marc:datafield tag="339" ind1=" " ind2=" "><marc:subfield code="a">m</marc:subfield></marc:datafield><marc:datafield tag="410" ind1=" " ind2="0"><marc:subfield code="0">34242989</marc:subfield><marc:subfield code="t">Futuropolis Gallimard</marc:subfield><marc:subfield code="x">1960-6443</marc:subfield><marc:subfield code="d">1991</marc:subfield></marc:datafield><marc:datafield tag="454" ind1=" " ind2="1"><marc:subfield code="t">As I lay dying</marc:subfield></marc:datafield><marc:datafield tag="686" ind1=" " ind2=" "><marc:subfield code="a">823</marc:subfield><marc:subfield code="2">Cadre de classement de la Bibliographie nationale française</marc:subfield></marc:datafield><marc:datafield tag="700" ind1=" " ind2=" "><marc:subfield code="3">11902332</marc:subfield><marc:subfield code="9">944</marc:subfield><marc:subfield code="a">Faulkner</marc:subfield><marc:subfield code="b">William</marc:subfield><marc:subfield code="f">1897-1962</marc:subfield><marc:subfield code="4">070</marc:subfield></marc:datafield><marc:datafield tag="702" ind1=" " ind2=" "><marc:subfield code="3">11897220</marc:subfield><marc:subfield code="9">955</marc:subfield><marc:subfield code="o">ISNI0000000121339802</marc:subfield><marc:subfield code="a">Coindreau</marc:subfield><marc:subfield code="b">Maurice Edgar</marc:subfield><marc:subfield code="f">1892-1990</marc:subfield><marc:subfield code="4">730</marc:subfield></marc:datafield><marc:datafield tag="702" ind1=" " ind2=" "><marc:subfield code="3">11911085</marc:subfield><marc:subfield code="9">956</marc:subfield><marc:subfield code="a">Larbaud</marc:subfield><marc:subfield code="b">Valery</marc:subfield><marc:subfield code="f">1881-1957</marc:subfield><marc:subfield code="4">080</marc:subfield></marc:datafield><marc:datafield tag="702" ind1=" " ind2=" "><marc:subfield code="3">11905882</marc:subfield><marc:subfield code="9">949</marc:subfield><marc:subfield code="o">ISNI0000000084013394</marc:subfield><marc:subfield code="a">Gresset</marc:subfield><marc:subfield code="b">Michel</marc:subfield><marc:subfield code="f">1938-2005</marc:subfield><marc:subfield code="4">075</marc:subfield></marc:datafield><marc:datafield tag="702" ind1=" " ind2=" "><marc:subfield code="3">11909184</marc:subfield><marc:subfield code="9">957</marc:subfield><marc:subfield code="o">ISNI000000012278182X</marc:subfield><marc:subfield code="a">Juillard</marc:subfield><marc:subfield code="b">André</marc:subfield><marc:subfield code="f">1948-....</marc:subfield><marc:subfield code="4">440</marc:subfield></marc:datafield><marc:datafield tag="801" ind1=" " ind2="0"><marc:subfield code="a">FR</marc:subfield><marc:subfield code="b">FR-751131015</marc:subfield><marc:subfield code="c">19910606</marc:subfield><marc:subfield code="g">AFNOR</marc:subfield><marc:subfield code="h">FRBNF354193450000006</marc:subfield><marc:subfield code="2">intermrc</marc:subfield></marc:datafield><marc:datafield tag="995" ind1=" " ind2=" "><marc:subfield code="0">0</marc:subfield><marc:subfield code="2">0</marc:subfield><marc:subfield code="4">0</marc:subfield><marc:subfield code="5">2005-03-22</marc:subfield><marc:subfield code="9">669</marc:subfield><marc:subfield code="P">20.12</marc:subfield><marc:subfield code="b">MED</marc:subfield><marc:subfield code="c">MED</marc:subfield><marc:subfield code="e">MED3F</marc:subfield><marc:subfield code="f">C0001146265</marc:subfield><marc:subfield code="h">AZZMAZZ</marc:subfield><marc:subfield code="k">Mag. in-4/7640</marc:subfield><marc:subfield code="o">0</marc:subfield><marc:subfield code="p">20.12</marc:subfield><marc:subfield code="r">PRETLIV</marc:subfield><marc:subfield code="s">MAG___IN47640</marc:subfield><marc:subfield code="w">15</marc:subfield><marc:subfield code="y">2016-08-03</marc:subfield></marc:datafield></marc:record>