<marc:record><marc:leader>01024nj  a2200265   4500</marc:leader><marc:controlfield tag="001">560</marc:controlfield><marc:controlfield tag="003">http://www.mediathequederoubaix.fr/ark:/20179/KH560</marc:controlfield><marc:controlfield tag="005">20180701143335.0</marc:controlfield><marc:datafield tag="035" ind1="0" ind2="0"><marc:subfield code="a">HZ_RBX59202</marc:subfield></marc:datafield><marc:datafield tag="071" ind1="0" ind2=" "><marc:subfield code="a">036</marc:subfield><marc:subfield code="b">Artistes Arabes Associes</marc:subfield></marc:datafield><marc:datafield tag="090" ind1=" " ind2=" "><marc:subfield code="a">560</marc:subfield></marc:datafield><marc:datafield tag="091" ind1=" " ind2=" "><marc:subfield code="a">1</marc:subfield><marc:subfield code="b">20180701</marc:subfield><marc:subfield code="c">0</marc:subfield></marc:datafield><marc:datafield tag="099" ind1=" " ind2=" "><marc:subfield code="t">DC</marc:subfield><marc:subfield code="c">2014-06-30</marc:subfield><marc:subfield code="d">2014-06-30</marc:subfield><marc:subfield code="x">1</marc:subfield></marc:datafield><marc:datafield tag="100" ind1=" " ind2=" "><marc:subfield code="a">19               k  y0frey5003    ba</marc:subfield></marc:datafield><marc:datafield tag="101" ind1=" " ind2=" "><marc:subfield code="a">fre</marc:subfield></marc:datafield><marc:datafield tag="200" ind1=" " ind2=" "><marc:subfield code="a">En Tunisie</marc:subfield><marc:subfield code="b">Enr. sonore</marc:subfield><marc:subfield code="f">Salim Halali</marc:subfield></marc:datafield><marc:datafield tag="210" ind1=" " ind2=" "><marc:subfield code="d">[s.d.]</marc:subfield></marc:datafield><marc:datafield tag="215" ind1=" " ind2=" "><marc:subfield code="a">1 d.c.</marc:subfield><marc:subfield code="e">1 Brochure</marc:subfield></marc:datafield><marc:datafield tag="327" ind1=" " ind2=" "><marc:subfield code="a">Sag nej&apos;ak</marc:subfield><marc:subfield code="a">Elaghaga</marc:subfield><marc:subfield code="a">Mani ouleïdek</marc:subfield><marc:subfield code="a">Addala sidi mahrez</marc:subfield><marc:subfield code="a">Tahdar ouella taghib</marc:subfield><marc:subfield code="a">Yalli fik dmou&apos;</marc:subfield><marc:subfield code="a">Tah tkhabbel</marc:subfield><marc:subfield code="a">Dort essahra</marc:subfield><marc:subfield code="a">Laïguella</marc:subfield><marc:subfield code="a">Nlaguik ellila</marc:subfield></marc:datafield><marc:datafield tag="339" ind1=" " ind2=" "><marc:subfield code="a">m</marc:subfield></marc:datafield><marc:datafield tag="606" ind1=" " ind2=" "><marc:subfield code="a">Chansons arabes</marc:subfield><marc:subfield code="y">Tunisie</marc:subfield><marc:subfield code="x">Disques</marc:subfield><marc:subfield code="2">rameau</marc:subfield></marc:datafield><marc:datafield tag="679" ind1=" " ind2=" "><marc:subfield code="a">021.2</marc:subfield></marc:datafield><marc:datafield tag="700" ind1="0" ind2=" "><marc:subfield code="9">965</marc:subfield><marc:subfield code="3">14024214</marc:subfield><marc:subfield code="a">Halali</marc:subfield><marc:subfield code="b">Salim</marc:subfield><marc:subfield code="f">1920-2005</marc:subfield></marc:datafield><marc:datafield tag="801" ind1=" " ind2=" "><marc:subfield code="a">FR</marc:subfield><marc:subfield code="b">595126101</marc:subfield><marc:subfield code="c">20160703</marc:subfield><marc:subfield code="g">AFNOR</marc:subfield></marc:datafield><marc:datafield tag="995" ind1=" " ind2=" "><marc:subfield code="0">0</marc:subfield><marc:subfield code="2">0</marc:subfield><marc:subfield code="4">0</marc:subfield><marc:subfield code="5">2005-03-22</marc:subfield><marc:subfield code="9">676</marc:subfield><marc:subfield code="P">18.00</marc:subfield><marc:subfield code="b">MED</marc:subfield><marc:subfield code="c">MED</marc:subfield><marc:subfield code="e">MED3A</marc:subfield><marc:subfield code="f">C0001375393</marc:subfield><marc:subfield code="h">AMV90ZZ</marc:subfield><marc:subfield code="k">DC/021.2 HAL</marc:subfield><marc:subfield code="o">0</marc:subfield><marc:subfield code="p">18.00</marc:subfield><marc:subfield code="r">PRETSON</marc:subfield><marc:subfield code="s">DC_021_200000000000000_HAL</marc:subfield><marc:subfield code="w">33</marc:subfield><marc:subfield code="y">2015-10-06</marc:subfield></marc:datafield></marc:record>