<marc:record><marc:leader>01557nj  a2200289   4500</marc:leader><marc:controlfield tag="001">561</marc:controlfield><marc:controlfield tag="003">http://www.mediathequederoubaix.fr/ark:/20179/KH561</marc:controlfield><marc:controlfield tag="005">20180701143335.0</marc:controlfield><marc:datafield tag="035" ind1="0" ind2="0"><marc:subfield code="a">HZ_RBX59203</marc:subfield></marc:datafield><marc:datafield tag="071" ind1="0" ind2=" "><marc:subfield code="a">82506-2</marc:subfield><marc:subfield code="b">Buda Records</marc:subfield></marc:datafield><marc:datafield tag="090" ind1=" " ind2=" "><marc:subfield code="a">561</marc:subfield></marc:datafield><marc:datafield tag="091" ind1=" " ind2=" "><marc:subfield code="a">1</marc:subfield><marc:subfield code="b">20180701</marc:subfield><marc:subfield code="c">0</marc:subfield></marc:datafield><marc:datafield tag="099" ind1=" " ind2=" "><marc:subfield code="t">DC</marc:subfield><marc:subfield code="c">2014-06-30</marc:subfield><marc:subfield code="d">2014-06-30</marc:subfield><marc:subfield code="x">0</marc:subfield></marc:datafield><marc:datafield tag="100" ind1=" " ind2=" "><marc:subfield code="a">19       1967    k  y0frey5003    ba</marc:subfield></marc:datafield><marc:datafield tag="101" ind1=" " ind2=" "><marc:subfield code="a">fre</marc:subfield></marc:datafield><marc:datafield tag="200" ind1=" " ind2=" "><marc:subfield code="a">Chants berbères de Kabylie</marc:subfield><marc:subfield code="b">Enr. sonore</marc:subfield><marc:subfield code="f">Marguerite Taos Amrouche</marc:subfield></marc:datafield><marc:datafield tag="210" ind1=" " ind2=" "><marc:subfield code="d">[1967]</marc:subfield></marc:datafield><marc:datafield tag="215" ind1=" " ind2=" "><marc:subfield code="a">1 d.c.</marc:subfield><marc:subfield code="e">1 brochure</marc:subfield></marc:datafield><marc:datafield tag="305" ind1=" " ind2=" "><marc:subfield code="a">1967 date d&apos;enregistrement</marc:subfield></marc:datafield><marc:datafield tag="327" ind1=" " ind2=" "><marc:subfield code="a">Chant d&apos;exil</marc:subfield><marc:subfield code="a">Chant des gauleurs d&apos;olives</marc:subfield><marc:subfield code="a">Appel a la joie</marc:subfield><marc:subfield code="a">Chant de danse (O said ou lamara)</marc:subfield><marc:subfield code="a">Complainte de la femme adultère</marc:subfield><marc:subfield code="a">Chant satirique (les belles mères)</marc:subfield><marc:subfield code="a">Chant de méditation (accordez-nous l&apos;esprit de foi)</marc:subfield><marc:subfield code="a">Chant d&apos;amour</marc:subfield><marc:subfield code="a">Chant de danse (o mali)</marc:subfield><marc:subfield code="a">Chant de guerre (marche hérïque)</marc:subfield><marc:subfield code="a">Chant d&apos;exil et du berger</marc:subfield><marc:subfield code="a">Complainte du jeune homme assassiné</marc:subfield><marc:subfield code="a">Chant des pélerins (la grande procession)</marc:subfield><marc:subfield code="a">Chant d&apos;amour (ma mère, le fleuve m&apos;a emportée)</marc:subfield><marc:subfield code="a">Le pot s&apos;est renversé (petit air de danse)</marc:subfield><marc:subfield code="a">Chant de la meule</marc:subfield><marc:subfield code="a">Chant du berceau (il s&apos;en est allé)</marc:subfield></marc:datafield><marc:datafield tag="339" ind1=" " ind2=" "><marc:subfield code="a">m</marc:subfield></marc:datafield><marc:datafield tag="606" ind1=" " ind2=" "><marc:subfield code="a">Berbères</marc:subfield><marc:subfield code="x">Musique</marc:subfield><marc:subfield code="2">rameau</marc:subfield></marc:datafield><marc:datafield tag="606" ind1=" " ind2=" "><marc:subfield code="a">Musique traditionnelle</marc:subfield><marc:subfield code="y">Algérie</marc:subfield><marc:subfield code="x">Disques</marc:subfield><marc:subfield code="2">rameau</marc:subfield></marc:datafield><marc:datafield tag="679" ind1=" " ind2=" "><marc:subfield code="a">019.1</marc:subfield></marc:datafield><marc:datafield tag="700" ind1="0" ind2=" "><marc:subfield code="9">458</marc:subfield><marc:subfield code="3">11888703</marc:subfield><marc:subfield code="a">Amrouche</marc:subfield><marc:subfield code="b">Marguerite Taos</marc:subfield><marc:subfield code="f">1913-1976</marc:subfield></marc:datafield><marc:datafield tag="801" ind1=" " ind2=" "><marc:subfield code="a">FR</marc:subfield><marc:subfield code="b">595126101</marc:subfield><marc:subfield code="c">20160703</marc:subfield><marc:subfield code="g">AFNOR</marc:subfield></marc:datafield><marc:datafield tag="995" ind1=" " ind2=" "><marc:subfield code="0">0</marc:subfield><marc:subfield code="2">0</marc:subfield><marc:subfield code="4">0</marc:subfield><marc:subfield code="5">2005-03-22</marc:subfield><marc:subfield code="9">677</marc:subfield><marc:subfield code="P">18.00</marc:subfield><marc:subfield code="b">MED</marc:subfield><marc:subfield code="c">MED</marc:subfield><marc:subfield code="e">MED1A</marc:subfield><marc:subfield code="f">C0001373333</marc:subfield><marc:subfield code="h">AMV90ZZ</marc:subfield><marc:subfield code="k">DC/019.1 AMR</marc:subfield><marc:subfield code="o">-3</marc:subfield><marc:subfield code="p">18.00</marc:subfield><marc:subfield code="r">PRETSON</marc:subfield><marc:subfield code="s">DC_019_100000000000000_AMR</marc:subfield><marc:subfield code="w">70</marc:subfield><marc:subfield code="y">2008-07-25</marc:subfield></marc:datafield></marc:record>