<marc:record><marc:leader>01272nj  a2200265   4500</marc:leader><marc:controlfield tag="001">563</marc:controlfield><marc:controlfield tag="003">http://www.mediathequederoubaix.fr/ark:/20179/KH563</marc:controlfield><marc:controlfield tag="005">20180701143336.0</marc:controlfield><marc:datafield tag="035" ind1="0" ind2="0"><marc:subfield code="a">HZ_RBX59206</marc:subfield></marc:datafield><marc:datafield tag="071" ind1="0" ind2=" "><marc:subfield code="a">PS 66001</marc:subfield><marc:subfield code="b">Play Sound</marc:subfield></marc:datafield><marc:datafield tag="090" ind1=" " ind2=" "><marc:subfield code="a">563</marc:subfield></marc:datafield><marc:datafield tag="091" ind1=" " ind2=" "><marc:subfield code="a">1</marc:subfield><marc:subfield code="b">20180701</marc:subfield><marc:subfield code="c">0</marc:subfield></marc:datafield><marc:datafield tag="099" ind1=" " ind2=" "><marc:subfield code="t">DC</marc:subfield><marc:subfield code="c">2014-06-30</marc:subfield><marc:subfield code="d">2014-06-30</marc:subfield><marc:subfield code="x">1</marc:subfield></marc:datafield><marc:datafield tag="100" ind1=" " ind2=" "><marc:subfield code="a">19       1992    k  y0frey5003    ba</marc:subfield></marc:datafield><marc:datafield tag="101" ind1=" " ind2=" "><marc:subfield code="a">fre</marc:subfield></marc:datafield><marc:datafield tag="200" ind1=" " ind2=" "><marc:subfield code="a">Tambours du Monde</marc:subfield><marc:subfield code="b">Enr. sonore</marc:subfield><marc:subfield code="d">Drums of the World</marc:subfield></marc:datafield><marc:datafield tag="210" ind1=" " ind2=" "><marc:subfield code="d">P 1992</marc:subfield></marc:datafield><marc:datafield tag="215" ind1=" " ind2=" "><marc:subfield code="a">1 d.c.</marc:subfield><marc:subfield code="e">1 brochure (14 p. ; 12 cm)</marc:subfield></marc:datafield><marc:datafield tag="327" ind1=" " ind2=" "><marc:subfield code="a">Burundi : Ubumwe</marc:subfield><marc:subfield code="a">Polynésie : Maeva Tahiti</marc:subfield><marc:subfield code="a">Salomons : Salomons Drums</marc:subfield><marc:subfield code="a">Côte d&apos;Ivoire : B. Mondet</marc:subfield><marc:subfield code="a">Côte d&apos;Ivoire : Dougouda Dya</marc:subfield><marc:subfield code="a">Brésil : Batucada</marc:subfield><marc:subfield code="a">Inde : Les tambours de Pondichery</marc:subfield><marc:subfield code="a">Népal : Solo de tambours</marc:subfield><marc:subfield code="a">Sri Lanka : Les tambours de Kataragama</marc:subfield><marc:subfield code="a">Cameroun : Fête Bamileke</marc:subfield><marc:subfield code="a">Cuba : Rythme de tambours Bata a Ochosi</marc:subfield><marc:subfield code="a">Cuba : Oye Primero</marc:subfield><marc:subfield code="a">Sénégal : Cérémonie de mariage</marc:subfield></marc:datafield><marc:datafield tag="339" ind1=" " ind2=" "><marc:subfield code="a">m</marc:subfield></marc:datafield><marc:datafield tag="606" ind1=" " ind2=" "><marc:subfield code="9">236106</marc:subfield><marc:subfield code="a">Musique traditionnelle</marc:subfield><marc:subfield code="x">Disques</marc:subfield></marc:datafield><marc:datafield tag="606" ind1=" " ind2=" "><marc:subfield code="9">236124</marc:subfield><marc:subfield code="a">Percussion, Musique de</marc:subfield><marc:subfield code="x">Disques</marc:subfield></marc:datafield><marc:datafield tag="679" ind1=" " ind2=" "><marc:subfield code="a">000.2</marc:subfield></marc:datafield><marc:datafield tag="801" ind1=" " ind2="0"><marc:subfield code="a">FR</marc:subfield><marc:subfield code="b">595126101</marc:subfield><marc:subfield code="c">20070828</marc:subfield><marc:subfield code="g">AFNOR</marc:subfield></marc:datafield><marc:datafield tag="995" ind1=" " ind2=" "><marc:subfield code="0">0</marc:subfield><marc:subfield code="2">0</marc:subfield><marc:subfield code="3">0</marc:subfield><marc:subfield code="4">0</marc:subfield><marc:subfield code="5">2005-03-22</marc:subfield><marc:subfield code="9">679</marc:subfield><marc:subfield code="P">18.00</marc:subfield><marc:subfield code="b">MED</marc:subfield><marc:subfield code="c">MED</marc:subfield><marc:subfield code="e">MED1A</marc:subfield><marc:subfield code="f">C0001374923</marc:subfield><marc:subfield code="h">AMV90ZZ</marc:subfield><marc:subfield code="k">DC/000.2 TAM</marc:subfield><marc:subfield code="o">0</marc:subfield><marc:subfield code="p">18.00</marc:subfield><marc:subfield code="r">PRETSON</marc:subfield><marc:subfield code="s">DC_000_200000000000000_TAM</marc:subfield><marc:subfield code="w">80</marc:subfield><marc:subfield code="y">2016-09-27</marc:subfield><marc:subfield code="A">0</marc:subfield></marc:datafield></marc:record>