<marc:record><marc:leader>01264nj  a2200325   4500</marc:leader><marc:controlfield tag="001">566</marc:controlfield><marc:controlfield tag="005">20180701143336.0</marc:controlfield><marc:datafield tag="035" ind1="0" ind2="0"><marc:subfield code="a">HZ_RBX59210</marc:subfield></marc:datafield><marc:datafield tag="071" ind1="0" ind2=" "><marc:subfield code="a">CD 36501</marc:subfield><marc:subfield code="b">African</marc:subfield></marc:datafield><marc:datafield tag="090" ind1=" " ind2=" "><marc:subfield code="a">566</marc:subfield></marc:datafield><marc:datafield tag="091" ind1=" " ind2=" "><marc:subfield code="a">1</marc:subfield><marc:subfield code="b">20180701</marc:subfield><marc:subfield code="c">0</marc:subfield></marc:datafield><marc:datafield tag="099" ind1=" " ind2=" "><marc:subfield code="t">DC</marc:subfield><marc:subfield code="c">2014-06-30</marc:subfield><marc:subfield code="d">2014-06-30</marc:subfield><marc:subfield code="x">1</marc:subfield></marc:datafield><marc:datafield tag="100" ind1=" " ind2=" "><marc:subfield code="a">19       1991    k  y0frey5003    ba</marc:subfield></marc:datafield><marc:datafield tag="101" ind1=" " ind2=" "><marc:subfield code="a">fre</marc:subfield></marc:datafield><marc:datafield tag="200" ind1=" " ind2=" "><marc:subfield code="a">Les merveilles du passé</marc:subfield><marc:subfield code="b">Enr. sonore</marc:subfield><marc:subfield code="e">1957 - 1975</marc:subfield><marc:subfield code="f">Roitelet et Roger</marc:subfield><marc:subfield code="g">Salvador</marc:subfield><marc:subfield code="g">Marcelle Fylla, [et al.]...</marc:subfield></marc:datafield><marc:datafield tag="210" ind1=" " ind2=" "><marc:subfield code="d">P 1991</marc:subfield></marc:datafield><marc:datafield tag="215" ind1=" " ind2=" "><marc:subfield code="a">1 d.c.</marc:subfield></marc:datafield><marc:datafield tag="606" ind1=" " ind2=" "><marc:subfield code="a">Musique traditionnelle</marc:subfield><marc:subfield code="y">Afrique centrale</marc:subfield><marc:subfield code="x">Disques</marc:subfield><marc:subfield code="2">rameau</marc:subfield></marc:datafield><marc:datafield tag="606" ind1=" " ind2=" "><marc:subfield code="3">12487462</marc:subfield><marc:subfield code="9">14523</marc:subfield><marc:subfield code="7">ba0yba0y</marc:subfield><marc:subfield code="8">fre   </marc:subfield><marc:subfield code="a">Rumbas</marc:subfield><marc:subfield code="x">Disques</marc:subfield><marc:subfield code="2">rameau</marc:subfield></marc:datafield><marc:datafield tag="679" ind1=" " ind2=" "><marc:subfield code="a">014.2</marc:subfield></marc:datafield><marc:datafield tag="701" ind1="0" ind2=" "><marc:subfield code="9">148879</marc:subfield><marc:subfield code="a">Fylla</marc:subfield><marc:subfield code="b">Marcelle</marc:subfield></marc:datafield><marc:datafield tag="701" ind1="0" ind2=" "><marc:subfield code="9">4011</marc:subfield><marc:subfield code="7">ba0yba0y</marc:subfield><marc:subfield code="8">fre   </marc:subfield><marc:subfield code="3">12535417</marc:subfield><marc:subfield code="7">ba0yba0y</marc:subfield><marc:subfield code="8">fre   </marc:subfield><marc:subfield code="a">Salvador</marc:subfield><marc:subfield code="b">Henri</marc:subfield><marc:subfield code="f">1917-2008</marc:subfield></marc:datafield><marc:datafield tag="711" ind1="0" ind2=" "><marc:subfield code="9">122876</marc:subfield><marc:subfield code="a">Roitelet et Roger</marc:subfield></marc:datafield><marc:datafield tag="711" ind1="0" ind2=" "><marc:subfield code="9">122877</marc:subfield><marc:subfield code="a">Franco et l&apos;O.K. Jazz</marc:subfield></marc:datafield><marc:datafield tag="711" ind1="0" ind2=" "><marc:subfield code="9">122878</marc:subfield><marc:subfield code="a">Verckys et l&apos;Orchestre Veve</marc:subfield></marc:datafield><marc:datafield tag="711" ind1="0" ind2=" "><marc:subfield code="9">122879</marc:subfield><marc:subfield code="a">Rochereau et l&apos;African Fiesta</marc:subfield></marc:datafield><marc:datafield tag="711" ind1="0" ind2=" "><marc:subfield code="9">122880</marc:subfield><marc:subfield code="a">Los Nickelos</marc:subfield></marc:datafield><marc:datafield tag="711" ind1="0" ind2=" "><marc:subfield code="9">122881</marc:subfield><marc:subfield code="3">13907605</marc:subfield><marc:subfield code="7">ba0yba0y</marc:subfield><marc:subfield code="8">fre   </marc:subfield><marc:subfield code="a">Zaïko Langa Langa</marc:subfield></marc:datafield><marc:datafield tag="339" ind1=" " ind2=" "><marc:subfield code="a">m</marc:subfield></marc:datafield><marc:datafield tag="995" ind1=" " ind2=" "><marc:subfield code="0">0</marc:subfield><marc:subfield code="2">0</marc:subfield><marc:subfield code="4">0</marc:subfield><marc:subfield code="5">2005-03-22</marc:subfield><marc:subfield code="9">682</marc:subfield><marc:subfield code="P">18.00</marc:subfield><marc:subfield code="b">MED</marc:subfield><marc:subfield code="c">MED</marc:subfield><marc:subfield code="e">MED1A</marc:subfield><marc:subfield code="f">C0001374800</marc:subfield><marc:subfield code="h">AMV90ZZ</marc:subfield><marc:subfield code="k">DC/014.2 MER</marc:subfield><marc:subfield code="o">0</marc:subfield><marc:subfield code="p">18.00</marc:subfield><marc:subfield code="r">PRETSON</marc:subfield><marc:subfield code="s">DC_014_200000000000000_MER</marc:subfield><marc:subfield code="w">26</marc:subfield><marc:subfield code="y">2017-07-05</marc:subfield></marc:datafield></marc:record>