<marc:record><marc:leader>01377nj  a2200277   4500</marc:leader><marc:controlfield tag="001">570</marc:controlfield><marc:controlfield tag="003">http://www.mediathequederoubaix.fr/ark:/20179/KH570</marc:controlfield><marc:controlfield tag="005">20180701143336.0</marc:controlfield><marc:datafield tag="035" ind1="0" ind2="0"><marc:subfield code="a">HZ_RBX59214</marc:subfield></marc:datafield><marc:datafield tag="071" ind1="0" ind2=" "><marc:subfield code="a">ARN 64042</marc:subfield><marc:subfield code="b">Arion</marc:subfield></marc:datafield><marc:datafield tag="090" ind1=" " ind2=" "><marc:subfield code="a">570</marc:subfield></marc:datafield><marc:datafield tag="091" ind1=" " ind2=" "><marc:subfield code="a">1</marc:subfield><marc:subfield code="b">20180701</marc:subfield><marc:subfield code="c">0</marc:subfield></marc:datafield><marc:datafield tag="099" ind1=" " ind2=" "><marc:subfield code="t">DC</marc:subfield><marc:subfield code="c">2014-06-30</marc:subfield><marc:subfield code="d">2014-06-30</marc:subfield><marc:subfield code="x">7</marc:subfield></marc:datafield><marc:datafield tag="100" ind1=" " ind2=" "><marc:subfield code="a">19       1977    k  y0frey5003    ba</marc:subfield></marc:datafield><marc:datafield tag="101" ind1=" " ind2=" "><marc:subfield code="a">fre</marc:subfield></marc:datafield><marc:datafield tag="200" ind1=" " ind2=" "><marc:subfield code="a">Yiddish songs</marc:subfield><marc:subfield code="b">Enr. sonore</marc:subfield><marc:subfield code="d">Chants Yiddish</marc:subfield><marc:subfield code="f">Talila ı Kol Aviv</marc:subfield></marc:datafield><marc:datafield tag="210" ind1=" " ind2=" "><marc:subfield code="d">P 1977-1979</marc:subfield></marc:datafield><marc:datafield tag="215" ind1=" " ind2=" "><marc:subfield code="a">1 d.c.</marc:subfield><marc:subfield code="e">1 brochure (15 p. ; 12 cm)</marc:subfield></marc:datafield><marc:datafield tag="327" ind1=" " ind2=" "><marc:subfield code="a">Lomir zich iberbeten</marc:subfield><marc:subfield code="a">Der rebbe elimeylech</marc:subfield><marc:subfield code="a">Kinder Yorn</marc:subfield><marc:subfield code="a">Die Name is gegangen</marc:subfield><marc:subfield code="a">Liedele</marc:subfield><marc:subfield code="a">Belz</marc:subfield><marc:subfield code="a">Reizele</marc:subfield><marc:subfield code="a">Unser nigundl</marc:subfield><marc:subfield code="a">Mayne Mame : a Yddish Mame</marc:subfield><marc:subfield code="a">Oifu pripitchik</marc:subfield><marc:subfield code="a">Itsikhot h&apos;asséné gue&apos;at</marc:subfield><marc:subfield code="a">Papir is dokh weiss</marc:subfield><marc:subfield code="a">Spiel tzigoïne - Makhteyneste</marc:subfield><marc:subfield code="a">Glik</marc:subfield><marc:subfield code="a">Die Zun vet arunter</marc:subfield><marc:subfield code="a">Lomir zingen und tanzen</marc:subfield><marc:subfield code="a">Rosinkes mit mandl&apos;n</marc:subfield><marc:subfield code="a">A brivale der name</marc:subfield><marc:subfield code="a">Unter a klein Beimale</marc:subfield><marc:subfield code="a">Die Grine Kuzine</marc:subfield></marc:datafield><marc:datafield tag="339" ind1=" " ind2=" "><marc:subfield code="a">m</marc:subfield></marc:datafield><marc:datafield tag="606" ind1=" " ind2=" "><marc:subfield code="2">rameau</marc:subfield><marc:subfield code="7">ba0yba0y</marc:subfield><marc:subfield code="8">fre   </marc:subfield><marc:subfield code="7">ba0yba0y</marc:subfield><marc:subfield code="8">fre   </marc:subfield><marc:subfield code="a">Chansons yiddish</marc:subfield><marc:subfield code="3">11957794</marc:subfield><marc:subfield code="9">354</marc:subfield><marc:subfield code="x">Disques</marc:subfield></marc:datafield><marc:datafield tag="679" ind1=" " ind2=" "><marc:subfield code="a">001.1</marc:subfield></marc:datafield><marc:datafield tag="700" ind1="0" ind2=" "><marc:subfield code="9">148883</marc:subfield><marc:subfield code="a">Talila</marc:subfield></marc:datafield><marc:datafield tag="711" ind1="0" ind2=" "><marc:subfield code="9">977</marc:subfield><marc:subfield code="7">ba0yba0y</marc:subfield><marc:subfield code="8">fre   </marc:subfield><marc:subfield code="3">13904461</marc:subfield><marc:subfield code="7">ba0yba0y</marc:subfield><marc:subfield code="8">fre   </marc:subfield><marc:subfield code="a">Kol Aviv</marc:subfield></marc:datafield><marc:datafield tag="801" ind1=" " ind2="0"><marc:subfield code="a">FR</marc:subfield><marc:subfield code="b">595126101</marc:subfield><marc:subfield code="c">20070828</marc:subfield><marc:subfield code="g">AFNOR</marc:subfield></marc:datafield><marc:datafield tag="995" ind1=" " ind2=" "><marc:subfield code="0">0</marc:subfield><marc:subfield code="2">0</marc:subfield><marc:subfield code="4">0</marc:subfield><marc:subfield code="5">2005-03-22</marc:subfield><marc:subfield code="9">686</marc:subfield><marc:subfield code="P">18.00</marc:subfield><marc:subfield code="b">MED</marc:subfield><marc:subfield code="c">MED</marc:subfield><marc:subfield code="e">MED1A</marc:subfield><marc:subfield code="f">C0001374745</marc:subfield><marc:subfield code="h">AMV90ZZ</marc:subfield><marc:subfield code="k">DC/001.1 TAL</marc:subfield><marc:subfield code="o">0</marc:subfield><marc:subfield code="p">18.00</marc:subfield><marc:subfield code="r">PRETSON</marc:subfield><marc:subfield code="s">DC_001_100000000000000_TAL</marc:subfield><marc:subfield code="w">88</marc:subfield><marc:subfield code="y">2017-09-27</marc:subfield></marc:datafield></marc:record>