<marc:record><marc:leader>01166nj  a2200277   4500</marc:leader><marc:controlfield tag="001">571</marc:controlfield><marc:controlfield tag="005">20181218212002.0</marc:controlfield><marc:datafield tag="035" ind1="0" ind2="0"><marc:subfield code="a">HZ_RBX59215</marc:subfield></marc:datafield><marc:datafield tag="071" ind1="0" ind2=" "><marc:subfield code="a">C 558652</marc:subfield><marc:subfield code="b">Ocora</marc:subfield></marc:datafield><marc:datafield tag="090" ind1=" " ind2=" "><marc:subfield code="a">571</marc:subfield></marc:datafield><marc:datafield tag="091" ind1=" " ind2=" "><marc:subfield code="a">1</marc:subfield><marc:subfield code="b">20180701</marc:subfield><marc:subfield code="c">0</marc:subfield></marc:datafield><marc:datafield tag="099" ind1=" " ind2=" "><marc:subfield code="t">DC</marc:subfield><marc:subfield code="c">2014-06-30</marc:subfield><marc:subfield code="d">2014-06-30</marc:subfield><marc:subfield code="x">3</marc:subfield></marc:datafield><marc:datafield tag="100" ind1=" " ind2=" "><marc:subfield code="a">19       1985    k  y0frey5003    ba</marc:subfield></marc:datafield><marc:datafield tag="101" ind1=" " ind2=" "><marc:subfield code="a">fre</marc:subfield></marc:datafield><marc:datafield tag="200" ind1=" " ind2=" "><marc:subfield code="a">Chansons yiddish</marc:subfield><marc:subfield code="b">Enr. sonore</marc:subfield><marc:subfield code="e">Tendresses et rage</marc:subfield><marc:subfield code="f">Ami Flammer, vl.</marc:subfield><marc:subfield code="g">Moshe Leiser, chant et guit.</marc:subfield><marc:subfield code="g">Gérard Barreaux, acdrn</marc:subfield></marc:datafield><marc:datafield tag="210" ind1=" " ind2=" "><marc:subfield code="d">P 1985</marc:subfield></marc:datafield><marc:datafield tag="215" ind1=" " ind2=" "><marc:subfield code="a">1 d.c.</marc:subfield><marc:subfield code="e">1 brochure (n.p. ; 12 cm)</marc:subfield></marc:datafield><marc:datafield tag="327" ind1=" " ind2=" "><marc:subfield code="a">Avremi</marc:subfield><marc:subfield code="a">Hulyet</marc:subfield><marc:subfield code="a">Oyfn Veg</marc:subfield><marc:subfield code="a">Az der Rebbe</marc:subfield><marc:subfield code="a">Partizanenlied</marc:subfield><marc:subfield code="a">Moyde Ani</marc:subfield><marc:subfield code="a">Rozhinkalekh mit Mandlen</marc:subfield><marc:subfield code="a">Reyzele</marc:subfield><marc:subfield code="a">A Kalte Nakht</marc:subfield><marc:subfield code="a">Drey Tekhterl</marc:subfield><marc:subfield code="a">Lomir Alle</marc:subfield><marc:subfield code="a">Mamele</marc:subfield><marc:subfield code="a">Fraylekh</marc:subfield></marc:datafield><marc:datafield tag="339" ind1=" " ind2=" "><marc:subfield code="a">m</marc:subfield></marc:datafield><marc:datafield tag="606" ind1=" " ind2=" "><marc:subfield code="a">Chansons yiddish</marc:subfield><marc:subfield code="3">11957794</marc:subfield><marc:subfield code="9">354</marc:subfield><marc:subfield code="x">Disques</marc:subfield><marc:subfield code="2">rameau</marc:subfield></marc:datafield><marc:datafield tag="679" ind1=" " ind2=" "><marc:subfield code="a">001.2</marc:subfield></marc:datafield><marc:datafield tag="701" ind1="0" ind2=" "><marc:subfield code="9">979</marc:subfield><marc:subfield code="3">14573597</marc:subfield><marc:subfield code="a">Leiser</marc:subfield><marc:subfield code="b">Moshe</marc:subfield><marc:subfield code="f">1956-....</marc:subfield></marc:datafield><marc:datafield tag="701" ind1="0" ind2=" "><marc:subfield code="9">981</marc:subfield><marc:subfield code="3">13928010</marc:subfield><marc:subfield code="a">Flammer</marc:subfield><marc:subfield code="b">Ami</marc:subfield><marc:subfield code="f">1953-....</marc:subfield></marc:datafield><marc:datafield tag="701" ind1="0" ind2=" "><marc:subfield code="9">980</marc:subfield><marc:subfield code="3">14654678</marc:subfield><marc:subfield code="a">Barreaux</marc:subfield><marc:subfield code="b">Gérard</marc:subfield></marc:datafield><marc:datafield tag="801" ind1=" " ind2=" "><marc:subfield code="b">595126101</marc:subfield><marc:subfield code="a">FR</marc:subfield><marc:subfield code="c">20170518</marc:subfield><marc:subfield code="g">AFNOR</marc:subfield></marc:datafield><marc:datafield tag="995" ind1=" " ind2=" "><marc:subfield code="0">0</marc:subfield><marc:subfield code="2">0</marc:subfield><marc:subfield code="4">0</marc:subfield><marc:subfield code="5">2005-03-22</marc:subfield><marc:subfield code="9">687</marc:subfield><marc:subfield code="P">18.00</marc:subfield><marc:subfield code="b">MED</marc:subfield><marc:subfield code="c">MED</marc:subfield><marc:subfield code="e">MED1A</marc:subfield><marc:subfield code="f">C0001374680</marc:subfield><marc:subfield code="h">AMV90ZZ</marc:subfield><marc:subfield code="k">DC/001.2 FLA</marc:subfield><marc:subfield code="o">0</marc:subfield><marc:subfield code="p">18.00</marc:subfield><marc:subfield code="r">PRETSON</marc:subfield><marc:subfield code="s">DC_001_200000000000000_FLA</marc:subfield><marc:subfield code="w">62</marc:subfield><marc:subfield code="y">2019-01-04</marc:subfield></marc:datafield></marc:record>