<marc:record><marc:leader>01344nj  a2200265   4500</marc:leader><marc:controlfield tag="001">572</marc:controlfield><marc:controlfield tag="003">http://www.mediathequederoubaix.fr/ark:/20179/KH572</marc:controlfield><marc:controlfield tag="005">20180720094614.0</marc:controlfield><marc:datafield tag="035" ind1="0" ind2="0"><marc:subfield code="a">HZ_RBX59216</marc:subfield></marc:datafield><marc:datafield tag="071" ind1="0" ind2=" "><marc:subfield code="a">c 559072/073/074</marc:subfield><marc:subfield code="b">Ocora</marc:subfield></marc:datafield><marc:datafield tag="090" ind1=" " ind2=" "><marc:subfield code="a">572</marc:subfield></marc:datafield><marc:datafield tag="091" ind1=" " ind2=" "><marc:subfield code="a">1</marc:subfield><marc:subfield code="b">20180701</marc:subfield><marc:subfield code="c">0</marc:subfield></marc:datafield><marc:datafield tag="099" ind1=" " ind2=" "><marc:subfield code="t">DC</marc:subfield><marc:subfield code="c">2014-06-30</marc:subfield><marc:subfield code="d">2014-06-30</marc:subfield><marc:subfield code="x">4</marc:subfield></marc:datafield><marc:datafield tag="100" ind1=" " ind2=" "><marc:subfield code="a">19       1989    k  y0frey5003    ba</marc:subfield></marc:datafield><marc:datafield tag="101" ind1=" " ind2=" "><marc:subfield code="a">fre</marc:subfield></marc:datafield><marc:datafield tag="200" ind1=" " ind2=" "><marc:subfield code="a">En concert à Paris</marc:subfield><marc:subfield code="b">Enr. sonore</marc:subfield><marc:subfield code="h">Vol. 3-4-5</marc:subfield><marc:subfield code="f">Nusrat Fateh Ali Khan</marc:subfield></marc:datafield><marc:datafield tag="210" ind1=" " ind2=" "><marc:subfield code="d">P 1989</marc:subfield></marc:datafield><marc:datafield tag="215" ind1=" " ind2=" "><marc:subfield code="a">3 d.c.</marc:subfield><marc:subfield code="e">1 Livret (n.p. ; 12 cm)</marc:subfield></marc:datafield><marc:datafield tag="327" ind1=" " ind2=" "><marc:subfield code="a">Disque 1 : Hamd &quot;o dieu vivant et eternel</marc:subfield><marc:subfield code="a">Nat-i-sharif &quot;o Mustafa ,lumiére du droit chemin</marc:subfield><marc:subfield code="a">Disque 2 : Nat-i- sharif &quot;O Muhammed, appelle-moi à médine</marc:subfield><marc:subfield code="a">Tarif &quot;Allah! Muhammed, les quatre amis,hajji khawja qutb farid</marc:subfield><marc:subfield code="a">Je ne sais ou je vais</marc:subfield><marc:subfield code="a">Disque 3 : Kafi &quot; je me suis éprise d&apos;un différentet j&apos;ai dû pleurer en cachette&quot;</marc:subfield><marc:subfield code="a">Kafi &quot;je partirai avec le Yogi&quot;</marc:subfield><marc:subfield code="a">Haq Ali maula &quot; Dieu vrai , Ali est le guide</marc:subfield></marc:datafield><marc:datafield tag="339" ind1=" " ind2=" "><marc:subfield code="a">m</marc:subfield></marc:datafield><marc:datafield tag="606" ind1=" " ind2=" "><marc:subfield code="a">Musique traditionnelle</marc:subfield><marc:subfield code="y">Pakistan</marc:subfield><marc:subfield code="x">Disques</marc:subfield><marc:subfield code="2">rameau</marc:subfield></marc:datafield><marc:datafield tag="679" ind1=" " ind2=" "><marc:subfield code="a">029.1</marc:subfield></marc:datafield><marc:datafield tag="700" ind1="0" ind2=" "><marc:subfield code="9">284952</marc:subfield><marc:subfield code="a">Khan</marc:subfield><marc:subfield code="b">Nusrat Fateh Ali</marc:subfield><marc:subfield code="f">1948-1997</marc:subfield></marc:datafield><marc:datafield tag="801" ind1=" " ind2="0"><marc:subfield code="a">FR</marc:subfield><marc:subfield code="b">595126101</marc:subfield><marc:subfield code="c">20070828</marc:subfield><marc:subfield code="g">AFNOR</marc:subfield></marc:datafield><marc:datafield tag="995" ind1=" " ind2=" "><marc:subfield code="0">0</marc:subfield><marc:subfield code="2">0</marc:subfield><marc:subfield code="4">0</marc:subfield><marc:subfield code="5">2005-03-22</marc:subfield><marc:subfield code="9">688</marc:subfield><marc:subfield code="P">18.00</marc:subfield><marc:subfield code="b">MED</marc:subfield><marc:subfield code="c">MED</marc:subfield><marc:subfield code="e">MED1A</marc:subfield><marc:subfield code="f">C0001375505</marc:subfield><marc:subfield code="h">AMV90ZZ</marc:subfield><marc:subfield code="k">DC/029.1 FAT</marc:subfield><marc:subfield code="l">Contient : 3 CD</marc:subfield><marc:subfield code="o">0</marc:subfield><marc:subfield code="p">18.00</marc:subfield><marc:subfield code="r">PRETSON</marc:subfield><marc:subfield code="s">DC_029_100000000000000_FAT</marc:subfield><marc:subfield code="w">75</marc:subfield><marc:subfield code="y">2017-07-19</marc:subfield></marc:datafield></marc:record>