<marc:record><marc:leader>01186na  a2200301   4500</marc:leader><marc:controlfield tag="001">573</marc:controlfield><marc:controlfield tag="003">http://www.mediathequederoubaix.fr/ark:/20179/KH573</marc:controlfield><marc:controlfield tag="005">20181214212002.0</marc:controlfield><marc:datafield tag="035" ind1="0" ind2="0"><marc:subfield code="a">HZ_RBX59218</marc:subfield></marc:datafield><marc:datafield tag="090" ind1=" " ind2=" "><marc:subfield code="a">573</marc:subfield></marc:datafield><marc:datafield tag="091" ind1=" " ind2=" "><marc:subfield code="a">2</marc:subfield><marc:subfield code="b">20180701</marc:subfield><marc:subfield code="c">0</marc:subfield></marc:datafield><marc:datafield tag="099" ind1=" " ind2=" "><marc:subfield code="t">LI</marc:subfield><marc:subfield code="c">2014-06-30</marc:subfield><marc:subfield code="d">2014-06-30</marc:subfield><marc:subfield code="x">3</marc:subfield></marc:datafield><marc:datafield tag="100" ind1=" " ind2=" "><marc:subfield code="a">19       1992    k  y0frey5003    ba</marc:subfield></marc:datafield><marc:datafield tag="101" ind1=" " ind2=" "><marc:subfield code="a">ara</marc:subfield></marc:datafield><marc:datafield tag="200" ind1=" " ind2=" "><marc:subfield code="a">tiflî</marc:subfield><marc:subfield code="e">al haml, al wilâda, al &apos;ayâm al &apos;ûlâ</marc:subfield><marc:subfield code="f">duktûr âmâl qabîsî &apos;itânî, duktûr &apos;asim &apos;itânî</marc:subfield></marc:datafield><marc:datafield tag="210" ind1=" " ind2=" "><marc:subfield code="a">Bayrût</marc:subfield><marc:subfield code="c">Dâr &apos;ihya&apos;i al &apos;ulûm</marc:subfield><marc:subfield code="d">1992</marc:subfield></marc:datafield><marc:datafield tag="215" ind1=" " ind2=" "><marc:subfield code="a">320 p.</marc:subfield><marc:subfield code="c">ill., couv. ill. en coul.</marc:subfield><marc:subfield code="d">24 cm</marc:subfield></marc:datafield><marc:datafield tag="225" ind1="0" ind2=" "><marc:subfield code="a">Al &apos;Inâya bi at-tifl</marc:subfield></marc:datafield><marc:datafield tag="339" ind1=" " ind2=" "><marc:subfield code="a">m</marc:subfield></marc:datafield><marc:datafield tag="410" ind1=" " ind2=" "><marc:subfield code="t">Al &apos;Inâya bi at-tifl</marc:subfield></marc:datafield><marc:datafield tag="541" ind1=" " ind2=" "><marc:subfield code="a">Mon enfant: la grossesse,l&apos;accouchement,les premiers jours.</marc:subfield></marc:datafield><marc:datafield tag="606" ind1="0" ind2=" "><marc:subfield code="9">236129</marc:subfield><marc:subfield code="a">Puériculture</marc:subfield><marc:subfield code="x">Manuels d&apos;enseignement</marc:subfield></marc:datafield><marc:datafield tag="606" ind1="0" ind2=" "><marc:subfield code="2">rameau</marc:subfield><marc:subfield code="9">14225</marc:subfield><marc:subfield code="7">ba0yba0y</marc:subfield><marc:subfield code="8">fre   </marc:subfield><marc:subfield code="a">Grossesse</marc:subfield></marc:datafield><marc:datafield tag="606" ind1="0" ind2=" "><marc:subfield code="9">18967</marc:subfield><marc:subfield code="7">ba0yba0y</marc:subfield><marc:subfield code="8">fre   </marc:subfield><marc:subfield code="a">Nourrissons</marc:subfield></marc:datafield><marc:datafield tag="700" ind1="0" ind2=" "><marc:subfield code="9">148884</marc:subfield><marc:subfield code="a">&apos;Itânî</marc:subfield><marc:subfield code="b">âmâl qabîsî</marc:subfield></marc:datafield><marc:datafield tag="701" ind1="0" ind2=" "><marc:subfield code="9">148885</marc:subfield><marc:subfield code="a">&apos;Itânî</marc:subfield><marc:subfield code="b">&apos;asim</marc:subfield></marc:datafield><marc:datafield tag="801" ind1=" " ind2="0"><marc:subfield code="a">FR</marc:subfield><marc:subfield code="b">595126101</marc:subfield><marc:subfield code="c">20090916</marc:subfield><marc:subfield code="g">AFNOR</marc:subfield></marc:datafield><marc:datafield tag="995" ind1=" " ind2=" "><marc:subfield code="0">0</marc:subfield><marc:subfield code="2">0</marc:subfield><marc:subfield code="4">0</marc:subfield><marc:subfield code="5">2005-03-22</marc:subfield><marc:subfield code="9">689</marc:subfield><marc:subfield code="P">0.15</marc:subfield><marc:subfield code="b">MED</marc:subfield><marc:subfield code="c">MED</marc:subfield><marc:subfield code="e">MED3A</marc:subfield><marc:subfield code="f">C0001129271</marc:subfield><marc:subfield code="h">ACFLALE</marc:subfield><marc:subfield code="k">ARA DOC</marc:subfield><marc:subfield code="o">0</marc:subfield><marc:subfield code="p">0.15</marc:subfield><marc:subfield code="r">PRETLIV</marc:subfield><marc:subfield code="s">ARA_DOC</marc:subfield><marc:subfield code="w">33</marc:subfield><marc:subfield code="y">2019-01-29</marc:subfield></marc:datafield></marc:record>