<marc:record><marc:leader>01240nj  a2200253   4500</marc:leader><marc:controlfield tag="001">589</marc:controlfield><marc:controlfield tag="003">http://www.mediathequederoubaix.fr/ark:/20179/KH589</marc:controlfield><marc:controlfield tag="005">20180701143337.0</marc:controlfield><marc:datafield tag="035" ind1="0" ind2="0"><marc:subfield code="a">HZ_RBX59242</marc:subfield></marc:datafield><marc:datafield tag="071" ind1="0" ind2=" "><marc:subfield code="a">W 260023</marc:subfield><marc:subfield code="b">Maisons des cultures du monde</marc:subfield></marc:datafield><marc:datafield tag="090" ind1=" " ind2=" "><marc:subfield code="a">589</marc:subfield></marc:datafield><marc:datafield tag="091" ind1=" " ind2=" "><marc:subfield code="a">1</marc:subfield><marc:subfield code="b">20180701</marc:subfield><marc:subfield code="c">0</marc:subfield></marc:datafield><marc:datafield tag="099" ind1=" " ind2=" "><marc:subfield code="t">DC</marc:subfield><marc:subfield code="c">2014-06-30</marc:subfield><marc:subfield code="d">2014-06-30</marc:subfield><marc:subfield code="x">2</marc:subfield></marc:datafield><marc:datafield tag="100" ind1=" " ind2=" "><marc:subfield code="a">19       1991    k  y0frey5003    ba</marc:subfield></marc:datafield><marc:datafield tag="101" ind1=" " ind2=" "><marc:subfield code="a">fre</marc:subfield></marc:datafield><marc:datafield tag="200" ind1=" " ind2=" "><marc:subfield code="a">Anthologie des Rwâyes</marc:subfield><marc:subfield code="b">Enr. sonore</marc:subfield><marc:subfield code="f">Raqiya Demseriya</marc:subfield><marc:subfield code="g">Ahmad Amentag</marc:subfield><marc:subfield code="g">Mbarek Ammouri...[et al.]</marc:subfield></marc:datafield><marc:datafield tag="210" ind1=" " ind2=" "><marc:subfield code="d">P 1991</marc:subfield></marc:datafield><marc:datafield tag="215" ind1=" " ind2=" "><marc:subfield code="a">4 d.c.</marc:subfield><marc:subfield code="e">1 Brochure</marc:subfield></marc:datafield><marc:datafield tag="327" ind1=" " ind2=" "><marc:subfield code="a">Disque 1 : 1 à 7 : Piéces instrumentales</marc:subfield><marc:subfield code="a">8 à 13 : Chants / Mbarek Ammouri</marc:subfield><marc:subfield code="a">Disque 2 : 1 à 3 : Chants / Hassan Awarug</marc:subfield><marc:subfield code="a">4 à 13 : Chants / Ahmad Amentag</marc:subfield><marc:subfield code="a">Disque 3 : 1 et 2 : Chants / Muhammad Bunsir</marc:subfield><marc:subfield code="a">3 à 12 : Chants / Lahsen Id Hammou</marc:subfield><marc:subfield code="a">disque 4 : 1 à 5 : Chants / Reqiya Demseriya</marc:subfield><marc:subfield code="a">6 à 9 : Chants / Muhammad Dammou</marc:subfield></marc:datafield><marc:datafield tag="339" ind1=" " ind2=" "><marc:subfield code="a">m</marc:subfield></marc:datafield><marc:datafield tag="606" ind1=" " ind2=" "><marc:subfield code="9">236135</marc:subfield><marc:subfield code="a">Musique traditionnelle</marc:subfield><marc:subfield code="y">Maroc</marc:subfield><marc:subfield code="x">Disques</marc:subfield></marc:datafield><marc:datafield tag="679" ind1=" " ind2=" "><marc:subfield code="a">021.1</marc:subfield></marc:datafield><marc:datafield tag="801" ind1=" " ind2="0"><marc:subfield code="a">FR</marc:subfield><marc:subfield code="b">595126101</marc:subfield><marc:subfield code="c">20070828</marc:subfield><marc:subfield code="g">AFNOR</marc:subfield></marc:datafield><marc:datafield tag="995" ind1=" " ind2=" "><marc:subfield code="0">0</marc:subfield><marc:subfield code="2">0</marc:subfield><marc:subfield code="4">0</marc:subfield><marc:subfield code="5">2005-03-22</marc:subfield><marc:subfield code="9">707</marc:subfield><marc:subfield code="P">18.00</marc:subfield><marc:subfield code="b">MED</marc:subfield><marc:subfield code="c">MED</marc:subfield><marc:subfield code="e">MED3A</marc:subfield><marc:subfield code="f">C0001375482</marc:subfield><marc:subfield code="h">AMV90ZZ</marc:subfield><marc:subfield code="k">DC/021.1 ANT</marc:subfield><marc:subfield code="l">Contient : 4 CD + 1 brochure</marc:subfield><marc:subfield code="o">0</marc:subfield><marc:subfield code="p">18.00</marc:subfield><marc:subfield code="r">PRETSON</marc:subfield><marc:subfield code="s">DC_021_100000000000000_ANT</marc:subfield><marc:subfield code="w">49</marc:subfield><marc:subfield code="y">2015-12-08</marc:subfield></marc:datafield></marc:record>