<marc:record><marc:leader>01030nj  a2200253   4500</marc:leader><marc:controlfield tag="001">595</marc:controlfield><marc:controlfield tag="003">http://www.mediathequederoubaix.fr/ark:/20179/KH595</marc:controlfield><marc:controlfield tag="005">20180701143338.0</marc:controlfield><marc:datafield tag="035" ind1="0" ind2="0"><marc:subfield code="a">HZ_RBX59250</marc:subfield></marc:datafield><marc:datafield tag="071" ind1="0" ind2=" "><marc:subfield code="a">SW17 7SS</marc:subfield><marc:subfield code="b">Touch music</marc:subfield></marc:datafield><marc:datafield tag="090" ind1=" " ind2=" "><marc:subfield code="a">595</marc:subfield></marc:datafield><marc:datafield tag="091" ind1=" " ind2=" "><marc:subfield code="a">1</marc:subfield><marc:subfield code="b">20180701</marc:subfield><marc:subfield code="c">0</marc:subfield></marc:datafield><marc:datafield tag="099" ind1=" " ind2=" "><marc:subfield code="t">DC</marc:subfield><marc:subfield code="c">2014-06-30</marc:subfield><marc:subfield code="d">2014-06-30</marc:subfield><marc:subfield code="x">2</marc:subfield></marc:datafield><marc:datafield tag="100" ind1=" " ind2=" "><marc:subfield code="a">19       1989    k  y0frey5003    ba</marc:subfield></marc:datafield><marc:datafield tag="101" ind1=" " ind2=" "><marc:subfield code="a">fre</marc:subfield></marc:datafield><marc:datafield tag="200" ind1=" " ind2=" "><marc:subfield code="a">the Egyptian music</marc:subfield><marc:subfield code="b">Enr. sonore</marc:subfield><marc:subfield code="f">Solimane Gamil, comp.</marc:subfield></marc:datafield><marc:datafield tag="210" ind1=" " ind2=" "><marc:subfield code="d">P 1989</marc:subfield></marc:datafield><marc:datafield tag="215" ind1=" " ind2=" "><marc:subfield code="a">1 d.c.</marc:subfield></marc:datafield><marc:datafield tag="327" ind1=" " ind2=" "><marc:subfield code="a">Melody of nile</marc:subfield><marc:subfield code="a">The sinsimia</marc:subfield><marc:subfield code="a">Melodie of love</marc:subfield><marc:subfield code="a">Inshad</marc:subfield><marc:subfield code="a">Rhythmic dialogue</marc:subfield><marc:subfield code="a">Promenade on the nile</marc:subfield><marc:subfield code="a">Sufi dialogue</marc:subfield><marc:subfield code="a">Valley of kings and queens</marc:subfield><marc:subfield code="a">Sacred lake</marc:subfield><marc:subfield code="a">Collecting the harvest</marc:subfield><marc:subfield code="a">Pretence and destiny</marc:subfield><marc:subfield code="a">The new nubia</marc:subfield><marc:subfield code="a">Solo kanoun</marc:subfield></marc:datafield><marc:datafield tag="339" ind1=" " ind2=" "><marc:subfield code="a">m</marc:subfield></marc:datafield><marc:datafield tag="606" ind1=" " ind2=" "><marc:subfield code="9">236139</marc:subfield><marc:subfield code="a">Musique</marc:subfield><marc:subfield code="y">Egypte</marc:subfield><marc:subfield code="x">Disques</marc:subfield></marc:datafield><marc:datafield tag="679" ind1=" " ind2=" "><marc:subfield code="a">022.2</marc:subfield></marc:datafield><marc:datafield tag="801" ind1=" " ind2="0"><marc:subfield code="a">FR</marc:subfield><marc:subfield code="b">595126101</marc:subfield><marc:subfield code="c">20070828</marc:subfield><marc:subfield code="g">AFNOR</marc:subfield></marc:datafield><marc:datafield tag="995" ind1=" " ind2=" "><marc:subfield code="0">0</marc:subfield><marc:subfield code="2">0</marc:subfield><marc:subfield code="4">0</marc:subfield><marc:subfield code="5">2005-03-22</marc:subfield><marc:subfield code="9">714</marc:subfield><marc:subfield code="P">18.00</marc:subfield><marc:subfield code="b">MED</marc:subfield><marc:subfield code="c">MED</marc:subfield><marc:subfield code="e">MED1A</marc:subfield><marc:subfield code="f">C0001375610</marc:subfield><marc:subfield code="h">AMV90ZZ</marc:subfield><marc:subfield code="k">DC/022.2 EGY</marc:subfield><marc:subfield code="o">0</marc:subfield><marc:subfield code="p">18.00</marc:subfield><marc:subfield code="r">PRETSON</marc:subfield><marc:subfield code="s">DC_022_200000000000000_EGY</marc:subfield><marc:subfield code="w">73</marc:subfield><marc:subfield code="y">2017-07-05</marc:subfield></marc:datafield></marc:record>