<marc:record><marc:leader>01553nj  a2200277   4500</marc:leader><marc:controlfield tag="001">597</marc:controlfield><marc:controlfield tag="003">http://www.mediathequederoubaix.fr/ark:/20179/KH597</marc:controlfield><marc:controlfield tag="005">20180701143338.0</marc:controlfield><marc:datafield tag="035" ind1="0" ind2="0"><marc:subfield code="a">HZ_RBX59252</marc:subfield></marc:datafield><marc:datafield tag="071" ind1="0" ind2=" "><marc:subfield code="a">C 559017</marc:subfield><marc:subfield code="b">Ocora</marc:subfield></marc:datafield><marc:datafield tag="090" ind1=" " ind2=" "><marc:subfield code="a">597</marc:subfield></marc:datafield><marc:datafield tag="091" ind1=" " ind2=" "><marc:subfield code="a">1</marc:subfield><marc:subfield code="b">20180701</marc:subfield><marc:subfield code="c">0</marc:subfield></marc:datafield><marc:datafield tag="099" ind1=" " ind2=" "><marc:subfield code="t">DC</marc:subfield><marc:subfield code="c">2014-06-30</marc:subfield><marc:subfield code="d">2014-06-30</marc:subfield><marc:subfield code="x">1</marc:subfield></marc:datafield><marc:datafield tag="100" ind1=" " ind2=" "><marc:subfield code="a">19       1987    k  y0frey5003    ba</marc:subfield></marc:datafield><marc:datafield tag="101" ind1=" " ind2=" "><marc:subfield code="a">fre</marc:subfield></marc:datafield><marc:datafield tag="200" ind1=" " ind2=" "><marc:subfield code="a">Turquie</marc:subfield><marc:subfield code="b">Enr. sonore</marc:subfield><marc:subfield code="e">Musique soufi</marc:subfield></marc:datafield><marc:datafield tag="210" ind1=" " ind2=" "><marc:subfield code="d">P 1987</marc:subfield></marc:datafield><marc:datafield tag="215" ind1=" " ind2=" "><marc:subfield code="a">1 d.c.</marc:subfield><marc:subfield code="e">1 brochure</marc:subfield></marc:datafield><marc:datafield tag="327" ind1=" " ind2=" "><marc:subfield code="a">Zikr</marc:subfield><marc:subfield code="a">Ilali&apos;s</marc:subfield><marc:subfield code="a">Taksim</marc:subfield><marc:subfield code="a">Ilali&apos;s (ordre Bektashi)</marc:subfield><marc:subfield code="a">Ilali&apos;s (poèmes chantés des Derviches)</marc:subfield><marc:subfield code="a">Taksim : Improvisation de ney sur le mode &quot;Ussak = amoureux&quot;, N&apos;oldu bu gönlüm = Qu&apos;est ce qu&apos;il y a dans mon âme, Canu dilde hane kildin akibet = Tu habites dans mon corps, Bu ark ü firk ile bulunmaz = On ne trouve pas dieu avec la raison, Taksim , Gel ey kardas hakli bulam mi dersen = Viens frère chercher dieu</marc:subfield><marc:subfield code="a">Taksim : improvisation de ney sur le mode &quot;Huseyni = Nostalgie&quot;</marc:subfield><marc:subfield code="a">Taksim : improvsiation de ney sur le mode Segâh, Serveri ser bülendimiz = Notre maître le plus haut,Der vakti subbu guyes = Le matin quand le soleil se lève je sens l&apos;odeur du prophète</marc:subfield></marc:datafield><marc:datafield tag="339" ind1=" " ind2=" "><marc:subfield code="a">m</marc:subfield></marc:datafield><marc:datafield tag="606" ind1=" " ind2=" "><marc:subfield code="9">236137</marc:subfield><marc:subfield code="a">Chants sacrés</marc:subfield><marc:subfield code="x">Disques</marc:subfield></marc:datafield><marc:datafield tag="606" ind1=" " ind2=" "><marc:subfield code="9">236141</marc:subfield><marc:subfield code="a">Musique</marc:subfield><marc:subfield code="y">Turquie</marc:subfield><marc:subfield code="x">Disques</marc:subfield></marc:datafield><marc:datafield tag="606" ind1=" " ind2=" "><marc:subfield code="9">236142</marc:subfield><marc:subfield code="a">Musique soufi</marc:subfield><marc:subfield code="x">Disques</marc:subfield></marc:datafield><marc:datafield tag="679" ind1=" " ind2=" "><marc:subfield code="a">026.1</marc:subfield></marc:datafield><marc:datafield tag="801" ind1=" " ind2="0"><marc:subfield code="a">FR</marc:subfield><marc:subfield code="b">595126101</marc:subfield><marc:subfield code="c">20070828</marc:subfield><marc:subfield code="g">AFNOR</marc:subfield></marc:datafield><marc:datafield tag="995" ind1=" " ind2=" "><marc:subfield code="0">0</marc:subfield><marc:subfield code="2">0</marc:subfield><marc:subfield code="4">0</marc:subfield><marc:subfield code="5">2005-03-22</marc:subfield><marc:subfield code="9">716</marc:subfield><marc:subfield code="P">18.00</marc:subfield><marc:subfield code="b">MED</marc:subfield><marc:subfield code="c">MED</marc:subfield><marc:subfield code="e">MED3C</marc:subfield><marc:subfield code="f">C0001373684</marc:subfield><marc:subfield code="h">AMV90ZZ</marc:subfield><marc:subfield code="k">DC/026.1 TUR</marc:subfield><marc:subfield code="o">0</marc:subfield><marc:subfield code="p">18.00</marc:subfield><marc:subfield code="r">PRETSON</marc:subfield><marc:subfield code="s">DC_026_100000000000000_TUR</marc:subfield><marc:subfield code="w">51</marc:subfield><marc:subfield code="y">2016-04-23</marc:subfield></marc:datafield></marc:record>