<marc:record><marc:leader>01063na  a2200253   4500</marc:leader><marc:controlfield tag="001">601</marc:controlfield><marc:controlfield tag="003">http://www.mediathequederoubaix.fr/ark:/20179/KH601</marc:controlfield><marc:controlfield tag="005">20180720164830.0</marc:controlfield><marc:datafield tag="035" ind1="0" ind2="0"><marc:subfield code="a">HZ_RBX59262</marc:subfield></marc:datafield><marc:datafield tag="090" ind1=" " ind2=" "><marc:subfield code="a">601</marc:subfield></marc:datafield><marc:datafield tag="091" ind1=" " ind2=" "><marc:subfield code="a">2</marc:subfield><marc:subfield code="b">20180701</marc:subfield><marc:subfield code="c">0</marc:subfield></marc:datafield><marc:datafield tag="099" ind1=" " ind2=" "><marc:subfield code="t">LI</marc:subfield><marc:subfield code="c">2014-06-30</marc:subfield><marc:subfield code="d">2014-06-30</marc:subfield><marc:subfield code="x">0</marc:subfield></marc:datafield><marc:datafield tag="100" ind1=" " ind2=" "><marc:subfield code="a">19       1983    k  y0frey5003    ba</marc:subfield></marc:datafield><marc:datafield tag="101" ind1=" " ind2=" "><marc:subfield code="a">fre</marc:subfield></marc:datafield><marc:datafield tag="200" ind1=" " ind2=" "><marc:subfield code="a">La médiathèque</marc:subfield><marc:subfield code="e">rapport</marc:subfield><marc:subfield code="f">de François Reiner,...</marc:subfield><marc:subfield code="g">[av. prop. de Maurice Lévy]</marc:subfield></marc:datafield><marc:datafield tag="210" ind1=" " ind2=" "><marc:subfield code="a">Paris</marc:subfield><marc:subfield code="c">Musée national des sciences, des techniques et des industries</marc:subfield><marc:subfield code="d">1983</marc:subfield></marc:datafield><marc:datafield tag="215" ind1=" " ind2=" "><marc:subfield code="a">117 p.</marc:subfield><marc:subfield code="c">couv. ill., ill.</marc:subfield><marc:subfield code="d">30 cm</marc:subfield></marc:datafield><marc:datafield tag="315" ind1=" " ind2=" "><marc:subfield code="a">Les études n7̊</marc:subfield></marc:datafield><marc:datafield tag="339" ind1=" " ind2=" "><marc:subfield code="a">m</marc:subfield></marc:datafield><marc:datafield tag="606" ind1="0" ind2=" "><marc:subfield code="9">1010</marc:subfield><marc:subfield code="7">ba0yba0y</marc:subfield><marc:subfield code="8">fre   </marc:subfield><marc:subfield code="a">Médiathèques</marc:subfield><marc:subfield code="3">11975004</marc:subfield></marc:datafield><marc:datafield tag="700" ind1="0" ind2=" "><marc:subfield code="9">1011</marc:subfield><marc:subfield code="7">ba0yba0y</marc:subfield><marc:subfield code="8">fre   </marc:subfield><marc:subfield code="3">12662085</marc:subfield><marc:subfield code="7">ba0yba0y</marc:subfield><marc:subfield code="8">fre   </marc:subfield><marc:subfield code="a">Reiner</marc:subfield><marc:subfield code="b">François</marc:subfield><marc:subfield code="f">1946-2000</marc:subfield></marc:datafield><marc:datafield tag="702" ind1="0" ind2=" "><marc:subfield code="9">285002</marc:subfield><marc:subfield code="a">Lévy</marc:subfield><marc:subfield code="b">Maurice</marc:subfield><marc:subfield code="f">1942-....</marc:subfield><marc:subfield code="4">080</marc:subfield></marc:datafield><marc:datafield tag="801" ind1=" " ind2="0"><marc:subfield code="a">FR</marc:subfield><marc:subfield code="b">595126101</marc:subfield><marc:subfield code="c">20100908</marc:subfield><marc:subfield code="g">AFNOR</marc:subfield></marc:datafield><marc:datafield tag="995" ind1=" " ind2=" "><marc:subfield code="0">0</marc:subfield><marc:subfield code="2">0</marc:subfield><marc:subfield code="4">0</marc:subfield><marc:subfield code="5">2005-03-22</marc:subfield><marc:subfield code="9">720</marc:subfield><marc:subfield code="P">24.00</marc:subfield><marc:subfield code="b">MED</marc:subfield><marc:subfield code="c">MED</marc:subfield><marc:subfield code="e">MED3D</marc:subfield><marc:subfield code="f">C0000385361</marc:subfield><marc:subfield code="h">ACFBPZZ</marc:subfield><marc:subfield code="k">BIB PROF/1.244 MED</marc:subfield><marc:subfield code="o">0</marc:subfield><marc:subfield code="p">24.00</marc:subfield><marc:subfield code="r">PRETLIV</marc:subfield><marc:subfield code="s">BIB_PROF1_244_000000000000000_</marc:subfield><marc:subfield code="w">2</marc:subfield><marc:subfield code="y">2008-08-23</marc:subfield></marc:datafield></marc:record>