<marc:record><marc:leader>01547nam  2200373   4500</marc:leader><marc:controlfield tag="001">611</marc:controlfield><marc:datafield tag="020" ind1=" " ind2=" "><marc:subfield code="a">FR</marc:subfield><marc:subfield code="b">08204626</marc:subfield></marc:datafield><marc:datafield tag="021" ind1=" " ind2=" "><marc:subfield code="a">FR</marc:subfield><marc:subfield code="b">DL 81-37869</marc:subfield></marc:datafield><marc:datafield tag="033" ind1=" " ind2=" "><marc:subfield code="a">http://catalogue.bnf.fr/ark:/12148/cb34667604x</marc:subfield></marc:datafield><marc:datafield tag="035" ind1=" " ind2=" "><marc:subfield code="a">FRBNF346676040000002</marc:subfield></marc:datafield><marc:datafield tag="039" ind1=" " ind2=" "><marc:subfield code="o">OPL</marc:subfield><marc:subfield code="a">001342722</marc:subfield></marc:datafield><marc:datafield tag="090" ind1=" " ind2=" "><marc:subfield code="a">611</marc:subfield></marc:datafield><marc:datafield tag="091" ind1=" " ind2=" "><marc:subfield code="b">20180701</marc:subfield><marc:subfield code="c">1</marc:subfield><marc:subfield code="a">2</marc:subfield></marc:datafield><marc:datafield tag="099" ind1=" " ind2=" "><marc:subfield code="t">LI</marc:subfield><marc:subfield code="c">2014-06-30</marc:subfield><marc:subfield code="d">2014-06-30</marc:subfield><marc:subfield code="x">1</marc:subfield></marc:datafield><marc:datafield tag="100" ind1=" " ind2=" "><marc:subfield code="a">19820224d1981    m  y0frey50      ba</marc:subfield></marc:datafield><marc:datafield tag="101" ind1="1" ind2=" "><marc:subfield code="a">fre</marc:subfield><marc:subfield code="c">eng</marc:subfield></marc:datafield><marc:datafield tag="102" ind1=" " ind2=" "><marc:subfield code="a">FR</marc:subfield></marc:datafield><marc:datafield tag="105" ind1=" " ind2=" "><marc:subfield code="a">||||z   00|a|</marc:subfield></marc:datafield><marc:datafield tag="106" ind1=" " ind2=" "><marc:subfield code="a">r</marc:subfield></marc:datafield><marc:datafield tag="200" ind1="1" ind2=" "><marc:subfield code="a">Little Nemo</marc:subfield><marc:subfield code="h">[2]</marc:subfield><marc:subfield code="i">De 1912 à 1926</marc:subfield><marc:subfield code="b">Texte imprimé</marc:subfield><marc:subfield code="f">[textes et dessins de] Winsor McCay</marc:subfield><marc:subfield code="f">présentation et choix de Pierre Couperie ; traduction de Ugo Scotto</marc:subfield></marc:datafield><marc:datafield tag="210" ind1=" " ind2=" "><marc:subfield code="a">Paris</marc:subfield><marc:subfield code="c">P. Horay</marc:subfield><marc:subfield code="d">1981</marc:subfield><marc:subfield code="e">27-Évreux</marc:subfield><marc:subfield code="g">impr. Hérissey</marc:subfield></marc:datafield><marc:datafield tag="215" ind1=" " ind2=" "><marc:subfield code="a">124 p.</marc:subfield><marc:subfield code="c">Ill. en noir et en coul., couv. ill. en coul.</marc:subfield><marc:subfield code="d">37 cm</marc:subfield></marc:datafield><marc:datafield tag="225" ind1=" " ind2=" "><marc:subfield code="a">Les Classiques de la bande dessinée</marc:subfield></marc:datafield><marc:datafield tag="339" ind1=" " ind2=" "><marc:subfield code="a">m</marc:subfield></marc:datafield><marc:datafield tag="410" ind1=" " ind2="0"><marc:subfield code="0">34237742</marc:subfield><marc:subfield code="d">1981</marc:subfield></marc:datafield><marc:datafield tag="454" ind1=" " ind2="1"><marc:subfield code="t">Little Nemo in Slumberland</marc:subfield></marc:datafield><marc:datafield tag="517" ind1="1" ind2=" "><marc:subfield code="a">De 1912 à 1926</marc:subfield></marc:datafield><marc:datafield tag="610" ind1="0" ind2=" "><marc:subfield code="a">Mac Cay (Winsor), 1969 et suiv.</marc:subfield></marc:datafield><marc:datafield tag="686" ind1=" " ind2=" "><marc:subfield code="a">83 </marc:subfield><marc:subfield code="2">Cadre de classement de la Bibliographie nationale française</marc:subfield></marc:datafield><marc:datafield tag="700" ind1=" " ind2=" "><marc:subfield code="3">11913758</marc:subfield><marc:subfield code="9">1022</marc:subfield><marc:subfield code="o">ISNI0000000115790250</marc:subfield><marc:subfield code="a">McCay</marc:subfield><marc:subfield code="b">Winsor</marc:subfield><marc:subfield code="f">1869-1934</marc:subfield><marc:subfield code="4">440</marc:subfield></marc:datafield><marc:datafield tag="702" ind1=" " ind2=" "><marc:subfield code="3">12598717</marc:subfield><marc:subfield code="9">272983</marc:subfield><marc:subfield code="o">ISNI0000000083041027</marc:subfield><marc:subfield code="a">Couperie</marc:subfield><marc:subfield code="b">Pierre</marc:subfield><marc:subfield code="f">1930-2009</marc:subfield><marc:subfield code="4">340</marc:subfield></marc:datafield><marc:datafield tag="702" ind1=" " ind2=" "><marc:subfield code="3">12638553</marc:subfield><marc:subfield code="a">Scotto</marc:subfield><marc:subfield code="b">Ugo</marc:subfield><marc:subfield code="4">570</marc:subfield></marc:datafield><marc:datafield tag="801" ind1=" " ind2="0"><marc:subfield code="a">FR</marc:subfield><marc:subfield code="b">FR-751131015</marc:subfield><marc:subfield code="c">19820224</marc:subfield><marc:subfield code="g">AFNOR</marc:subfield><marc:subfield code="h">FRBNF346676040000002</marc:subfield><marc:subfield code="2">intermrc</marc:subfield></marc:datafield><marc:datafield tag="995" ind1=" " ind2=" "><marc:subfield code="0">0</marc:subfield><marc:subfield code="2">0</marc:subfield><marc:subfield code="4">0</marc:subfield><marc:subfield code="5">2005-03-22</marc:subfield><marc:subfield code="9">730</marc:subfield><marc:subfield code="P">24.00</marc:subfield><marc:subfield code="b">MED</marc:subfield><marc:subfield code="c">MED</marc:subfield><marc:subfield code="e">MED3F</marc:subfield><marc:subfield code="f">C0001955630</marc:subfield><marc:subfield code="h">AZZMAZZ</marc:subfield><marc:subfield code="k">Mag 4ł/7433</marc:subfield><marc:subfield code="o">0</marc:subfield><marc:subfield code="p">24.00</marc:subfield><marc:subfield code="r">PRETLIV</marc:subfield><marc:subfield code="s">MAG_4Ł7433</marc:subfield><marc:subfield code="w">49</marc:subfield><marc:subfield code="y">2014-12-16</marc:subfield></marc:datafield></marc:record>