<marc:record><marc:leader>01300nj  a2200289   4500</marc:leader><marc:controlfield tag="001">616</marc:controlfield><marc:controlfield tag="003">http://www.mediathequederoubaix.fr/ark:/20179/KH616</marc:controlfield><marc:controlfield tag="005">20180701143341.0</marc:controlfield><marc:datafield tag="035" ind1="0" ind2="0"><marc:subfield code="a">HZ_RBX59291</marc:subfield></marc:datafield><marc:datafield tag="071" ind1="0" ind2=" "><marc:subfield code="a">30803</marc:subfield><marc:subfield code="b">MM</marc:subfield></marc:datafield><marc:datafield tag="090" ind1=" " ind2=" "><marc:subfield code="a">616</marc:subfield></marc:datafield><marc:datafield tag="091" ind1=" " ind2=" "><marc:subfield code="a">1</marc:subfield><marc:subfield code="b">20180701</marc:subfield><marc:subfield code="c">0</marc:subfield></marc:datafield><marc:datafield tag="099" ind1=" " ind2=" "><marc:subfield code="t">DC</marc:subfield><marc:subfield code="c">2014-06-30</marc:subfield><marc:subfield code="d">2014-06-30</marc:subfield><marc:subfield code="x">1</marc:subfield></marc:datafield><marc:datafield tag="100" ind1=" " ind2=" "><marc:subfield code="a">19       1990    k  y0frey5003    ba</marc:subfield></marc:datafield><marc:datafield tag="101" ind1=" " ind2=" "><marc:subfield code="a">fre</marc:subfield></marc:datafield><marc:datafield tag="200" ind1=" " ind2=" "><marc:subfield code="a">Tangos argentinos</marc:subfield><marc:subfield code="b">Enr. sonore</marc:subfield><marc:subfield code="f">Carlos gardel</marc:subfield></marc:datafield><marc:datafield tag="210" ind1=" " ind2=" "><marc:subfield code="d">P 1990</marc:subfield></marc:datafield><marc:datafield tag="215" ind1=" " ind2=" "><marc:subfield code="a">1 d.c.</marc:subfield></marc:datafield><marc:datafield tag="327" ind1=" " ind2=" "><marc:subfield code="a">Adios muchachos</marc:subfield><marc:subfield code="a">Caminito</marc:subfield><marc:subfield code="a">La cieguita</marc:subfield><marc:subfield code="a">Las vueltas de la vida</marc:subfield><marc:subfield code="a">Mi buenos aires querido</marc:subfield><marc:subfield code="a">Carinosa</marc:subfield><marc:subfield code="a">Clavel delaire</marc:subfield><marc:subfield code="a">Ilusion</marc:subfield><marc:subfield code="a">Decime, que esperas</marc:subfield><marc:subfield code="a">Munequita de Paris</marc:subfield><marc:subfield code="a">Por una cabeza</marc:subfield><marc:subfield code="a">Bandoneon arrabalero</marc:subfield><marc:subfield code="a">Renanciniento</marc:subfield><marc:subfield code="a">Donde estas, corazon</marc:subfield><marc:subfield code="a">Mia</marc:subfield><marc:subfield code="a">No te enganes corazon</marc:subfield><marc:subfield code="a">La cumparisita</marc:subfield><marc:subfield code="a">El choclo</marc:subfield><marc:subfield code="a">Mama yo quiero un novio</marc:subfield><marc:subfield code="a">De flor en flor</marc:subfield><marc:subfield code="a">Misa de once</marc:subfield><marc:subfield code="a">Noches de montmartre</marc:subfield></marc:datafield><marc:datafield tag="339" ind1=" " ind2=" "><marc:subfield code="a">m</marc:subfield></marc:datafield><marc:datafield tag="606" ind1=" " ind2=" "><marc:subfield code="a">Musique</marc:subfield><marc:subfield code="y">Argentine</marc:subfield><marc:subfield code="x">Disques</marc:subfield><marc:subfield code="2">rameau</marc:subfield></marc:datafield><marc:datafield tag="606" ind1=" " ind2=" "><marc:subfield code="a">Tangos</marc:subfield><marc:subfield code="x">Disques</marc:subfield><marc:subfield code="2">rameau</marc:subfield></marc:datafield><marc:datafield tag="606" ind1=" " ind2=" "><marc:subfield code="a">Bandonéon</marc:subfield><marc:subfield code="x">Disques</marc:subfield><marc:subfield code="2">rameau</marc:subfield></marc:datafield><marc:datafield tag="679" ind1=" " ind2=" "><marc:subfield code="a">042.2</marc:subfield></marc:datafield><marc:datafield tag="700" ind1="0" ind2=" "><marc:subfield code="9">1025</marc:subfield><marc:subfield code="3">11969900</marc:subfield><marc:subfield code="a">Gardel</marc:subfield><marc:subfield code="b">Carlos</marc:subfield><marc:subfield code="f">1890-1935</marc:subfield></marc:datafield><marc:datafield tag="801" ind1=" " ind2=" "><marc:subfield code="a">FR</marc:subfield><marc:subfield code="b">595126101</marc:subfield><marc:subfield code="c">20160703</marc:subfield><marc:subfield code="g">AFNOR</marc:subfield></marc:datafield><marc:datafield tag="995" ind1=" " ind2=" "><marc:subfield code="0">0</marc:subfield><marc:subfield code="2">0</marc:subfield><marc:subfield code="4">0</marc:subfield><marc:subfield code="5">2005-03-22</marc:subfield><marc:subfield code="9">735</marc:subfield><marc:subfield code="P">18.00</marc:subfield><marc:subfield code="b">MED</marc:subfield><marc:subfield code="c">MED</marc:subfield><marc:subfield code="e">MED3C</marc:subfield><marc:subfield code="f">C0001375806</marc:subfield><marc:subfield code="h">AMV90ZZ</marc:subfield><marc:subfield code="k">DC/042.2 GAR</marc:subfield><marc:subfield code="o">0</marc:subfield><marc:subfield code="p">18.00</marc:subfield><marc:subfield code="r">PRETSON</marc:subfield><marc:subfield code="s">DC_042_200000000000000_GAR</marc:subfield><marc:subfield code="w">68</marc:subfield><marc:subfield code="y">2014-12-10</marc:subfield></marc:datafield></marc:record>