<marc:record><marc:leader>01354nj  a2200253   4500</marc:leader><marc:controlfield tag="001">618</marc:controlfield><marc:controlfield tag="003">http://www.mediathequederoubaix.fr/ark:/20179/KH618</marc:controlfield><marc:controlfield tag="005">20180701143341.0</marc:controlfield><marc:datafield tag="035" ind1="0" ind2="0"><marc:subfield code="a">HZ_RBX59296</marc:subfield></marc:datafield><marc:datafield tag="071" ind1="0" ind2=" "><marc:subfield code="a">40017</marc:subfield><marc:subfield code="b">Smithsonian folksongs</marc:subfield></marc:datafield><marc:datafield tag="090" ind1=" " ind2=" "><marc:subfield code="a">618</marc:subfield></marc:datafield><marc:datafield tag="091" ind1=" " ind2=" "><marc:subfield code="a">1</marc:subfield><marc:subfield code="b">20180701</marc:subfield><marc:subfield code="c">0</marc:subfield></marc:datafield><marc:datafield tag="099" ind1=" " ind2=" "><marc:subfield code="t">DC</marc:subfield><marc:subfield code="c">2014-06-30</marc:subfield><marc:subfield code="d">2014-06-30</marc:subfield><marc:subfield code="x">1</marc:subfield></marc:datafield><marc:datafield tag="100" ind1=" " ind2=" "><marc:subfield code="a">19       1990    k  y0frey5003    ba</marc:subfield></marc:datafield><marc:datafield tag="101" ind1=" " ind2=" "><marc:subfield code="a">fre</marc:subfield></marc:datafield><marc:datafield tag="200" ind1=" " ind2=" "><marc:subfield code="a">Voices from the center of Asia</marc:subfield><marc:subfield code="b">Enr. sonore</marc:subfield><marc:subfield code="e">Tuva</marc:subfield></marc:datafield><marc:datafield tag="210" ind1=" " ind2=" "><marc:subfield code="d">P 1990</marc:subfield></marc:datafield><marc:datafield tag="215" ind1=" " ind2=" "><marc:subfield code="a">1 d.c.</marc:subfield><marc:subfield code="e">1 dépl.</marc:subfield></marc:datafield><marc:datafield tag="327" ind1=" " ind2=" "><marc:subfield code="a">Steppe kargiraa</marc:subfield><marc:subfield code="a">Sigit</marc:subfield><marc:subfield code="a">Sigit &quot;Alash&quot;</marc:subfield><marc:subfield code="a">Sigit with igil</marc:subfield><marc:subfield code="a">Khoomei, 1 et 2</marc:subfield><marc:subfield code="a">Tespeng khoomei</marc:subfield><marc:subfield code="a">Koshamik</marc:subfield><marc:subfield code="a">Kargiraa duet &quot;Artii-sayir&quot;</marc:subfield><marc:subfield code="a">Khomuz melodies</marc:subfield><marc:subfield code="a">Borbannadir, 1-2-3-4</marc:subfield><marc:subfield code="a">Ezengileer</marc:subfield><marc:subfield code="a">Sigit with khomuz</marc:subfield><marc:subfield code="a">Medley of various throat-singing styles</marc:subfield><marc:subfield code="a">Melody on the amirge</marc:subfield><marc:subfield code="a">Imitation : a, b, c, d, e, f, g,</marc:subfield><marc:subfield code="a">Domestication, 1-2-3-4</marc:subfield><marc:subfield code="a">Excerpt from shamanic healing ritual</marc:subfield><marc:subfield code="a">Funeral lament</marc:subfield><marc:subfield code="a">Lullaby</marc:subfield><marc:subfield code="a">Wooden jew&apos;s harp</marc:subfield><marc:subfield code="a">Lullaby with kloomei</marc:subfield><marc:subfield code="a">Love song, 1-2</marc:subfield><marc:subfield code="a">Kozhamiktar (antiphonal quatrains)</marc:subfield><marc:subfield code="a">Ceremonial song &quot;hyms to the mountains&quot;</marc:subfield></marc:datafield><marc:datafield tag="339" ind1=" " ind2=" "><marc:subfield code="a">m</marc:subfield></marc:datafield><marc:datafield tag="606" ind1=" " ind2=" "><marc:subfield code="9">236151</marc:subfield><marc:subfield code="a">Musique traditionnelle</marc:subfield><marc:subfield code="y">Russie</marc:subfield><marc:subfield code="y">Touva</marc:subfield><marc:subfield code="x">Disques</marc:subfield></marc:datafield><marc:datafield tag="679" ind1=" " ind2=" "><marc:subfield code="a">067.1</marc:subfield></marc:datafield><marc:datafield tag="801" ind1=" " ind2="0"><marc:subfield code="a">FR</marc:subfield><marc:subfield code="b">595126101</marc:subfield><marc:subfield code="c">20070828</marc:subfield><marc:subfield code="g">AFNOR</marc:subfield></marc:datafield><marc:datafield tag="995" ind1=" " ind2=" "><marc:subfield code="0">0</marc:subfield><marc:subfield code="2">0</marc:subfield><marc:subfield code="4">0</marc:subfield><marc:subfield code="5">2005-03-22</marc:subfield><marc:subfield code="9">737</marc:subfield><marc:subfield code="P">18.00</marc:subfield><marc:subfield code="b">MED</marc:subfield><marc:subfield code="c">MED</marc:subfield><marc:subfield code="e">MED3C</marc:subfield><marc:subfield code="f">C0001373464</marc:subfield><marc:subfield code="h">AMV90ZZ</marc:subfield><marc:subfield code="k">DC/067.1 VOI</marc:subfield><marc:subfield code="o">0</marc:subfield><marc:subfield code="p">18.00</marc:subfield><marc:subfield code="r">PRETSON</marc:subfield><marc:subfield code="s">DC_067_100000000000000_VOI</marc:subfield><marc:subfield code="w">17</marc:subfield><marc:subfield code="y">2014-08-07</marc:subfield></marc:datafield></marc:record>