<marc:record><marc:leader>01314nj  a2200301   4500</marc:leader><marc:controlfield tag="001">620</marc:controlfield><marc:controlfield tag="003">http://www.mediathequederoubaix.fr/ark:/20179/KH620</marc:controlfield><marc:controlfield tag="005">20180701143341.0</marc:controlfield><marc:datafield tag="035" ind1="0" ind2="0"><marc:subfield code="a">HZ_RBX59299</marc:subfield></marc:datafield><marc:datafield tag="071" ind1="0" ind2=" "><marc:subfield code="a">cd ch 527</marc:subfield><marc:subfield code="b">Milan sur</marc:subfield></marc:datafield><marc:datafield tag="090" ind1=" " ind2=" "><marc:subfield code="a">620</marc:subfield></marc:datafield><marc:datafield tag="091" ind1=" " ind2=" "><marc:subfield code="a">1</marc:subfield><marc:subfield code="b">20180701</marc:subfield><marc:subfield code="c">0</marc:subfield></marc:datafield><marc:datafield tag="099" ind1=" " ind2=" "><marc:subfield code="t">DC</marc:subfield><marc:subfield code="c">2014-06-30</marc:subfield><marc:subfield code="d">2014-06-30</marc:subfield><marc:subfield code="x">0</marc:subfield></marc:datafield><marc:datafield tag="100" ind1=" " ind2=" "><marc:subfield code="a">19       1990    k  y0frey5003    ba</marc:subfield></marc:datafield><marc:datafield tag="101" ind1=" " ind2=" "><marc:subfield code="a">fre</marc:subfield></marc:datafield><marc:datafield tag="200" ind1=" " ind2=" "><marc:subfield code="a">Adios nonino</marc:subfield><marc:subfield code="b">Enr. sonore</marc:subfield><marc:subfield code="a">Tangazo</marc:subfield><marc:subfield code="a">Tres Tangos : Tango 1...[etc.]</marc:subfield><marc:subfield code="f">Astor Piazzolla, bandonéon</marc:subfield><marc:subfield code="g">Alberto Ginastera</marc:subfield><marc:subfield code="g">Orchestre Symphonique de Buenos Aires</marc:subfield><marc:subfield code="g">Pedro Ignacion Calderon, dir.</marc:subfield></marc:datafield><marc:datafield tag="210" ind1=" " ind2=" "><marc:subfield code="d">P 1990</marc:subfield></marc:datafield><marc:datafield tag="215" ind1=" " ind2=" "><marc:subfield code="a">1 d.c.</marc:subfield></marc:datafield><marc:datafield tag="327" ind1=" " ind2=" "><marc:subfield code="a">Aussi : Tango 2</marc:subfield><marc:subfield code="a">Tango 3</marc:subfield><marc:subfield code="a">Impresiones de la puna</marc:subfield><marc:subfield code="a">Cancion</marc:subfield><marc:subfield code="a">Danza</marc:subfield><marc:subfield code="a">Danzas del ballet &quot;estancia&quot;: danza de los trabajadores agricolas</marc:subfield><marc:subfield code="a">Danza del trigo</marc:subfield><marc:subfield code="a">Danza final &quot;Malambo&quot;</marc:subfield></marc:datafield><marc:datafield tag="339" ind1=" " ind2=" "><marc:subfield code="a">m</marc:subfield></marc:datafield><marc:datafield tag="606" ind1=" " ind2=" "><marc:subfield code="2">rameau</marc:subfield><marc:subfield code="a">Musique</marc:subfield><marc:subfield code="y">Argentine</marc:subfield><marc:subfield code="x">Disques</marc:subfield></marc:datafield><marc:datafield tag="606" ind1=" " ind2=" "><marc:subfield code="2">rameau</marc:subfield><marc:subfield code="a">Tangos</marc:subfield><marc:subfield code="x">Disques</marc:subfield></marc:datafield><marc:datafield tag="606" ind1=" " ind2=" "><marc:subfield code="2">rameau</marc:subfield><marc:subfield code="a">Bandonéon</marc:subfield><marc:subfield code="x">Disques</marc:subfield></marc:datafield><marc:datafield tag="679" ind1=" " ind2=" "><marc:subfield code="a">042.2</marc:subfield></marc:datafield><marc:datafield tag="700" ind1="0" ind2=" "><marc:subfield code="9">1029</marc:subfield><marc:subfield code="3">13898458</marc:subfield><marc:subfield code="a">Piazzolla</marc:subfield><marc:subfield code="b">Astor</marc:subfield><marc:subfield code="f">1921-1992</marc:subfield></marc:datafield><marc:datafield tag="701" ind1="0" ind2=" "><marc:subfield code="9">1028</marc:subfield><marc:subfield code="3">13894484</marc:subfield><marc:subfield code="a">Ginastera</marc:subfield><marc:subfield code="b">Alberto</marc:subfield><marc:subfield code="f">1916-1983</marc:subfield></marc:datafield><marc:datafield tag="801" ind1=" " ind2="0"><marc:subfield code="a">FR</marc:subfield><marc:subfield code="b">595126101</marc:subfield><marc:subfield code="c">20070828</marc:subfield><marc:subfield code="g">AFNOR</marc:subfield></marc:datafield><marc:datafield tag="995" ind1=" " ind2=" "><marc:subfield code="0">0</marc:subfield><marc:subfield code="2">0</marc:subfield><marc:subfield code="4">0</marc:subfield><marc:subfield code="5">2005-03-22</marc:subfield><marc:subfield code="9">739</marc:subfield><marc:subfield code="P">18.00</marc:subfield><marc:subfield code="b">MED</marc:subfield><marc:subfield code="c">MED</marc:subfield><marc:subfield code="e">MED3C</marc:subfield><marc:subfield code="f">C0001375733</marc:subfield><marc:subfield code="h">AMV90ZZ</marc:subfield><marc:subfield code="k">DC/042.2 PIA</marc:subfield><marc:subfield code="o">0</marc:subfield><marc:subfield code="p">18.00</marc:subfield><marc:subfield code="r">PRETSON</marc:subfield><marc:subfield code="s">DC_042_200000000000000_PIA</marc:subfield><marc:subfield code="w">71</marc:subfield><marc:subfield code="y">2008-07-25</marc:subfield></marc:datafield></marc:record>