<marc:record><marc:leader>01181ni  a2200265   4500</marc:leader><marc:controlfield tag="001">621</marc:controlfield><marc:controlfield tag="005">20180701143341.0</marc:controlfield><marc:datafield tag="033" ind1=" " ind2=" "><marc:subfield code="a">http://catalogue.bnf.fr/ark:/12148/cb38196104m</marc:subfield></marc:datafield><marc:datafield tag="035" ind1="0" ind2="0"><marc:subfield code="a">HZ_RBX59300</marc:subfield></marc:datafield><marc:datafield tag="071" ind1="0" ind2=" "><marc:subfield code="a">300252</marc:subfield><marc:subfield code="b">Time plus</marc:subfield></marc:datafield><marc:datafield tag="090" ind1=" " ind2=" "><marc:subfield code="a">621</marc:subfield></marc:datafield><marc:datafield tag="091" ind1=" " ind2=" "><marc:subfield code="a">2</marc:subfield><marc:subfield code="b">20180701</marc:subfield><marc:subfield code="c">0</marc:subfield></marc:datafield><marc:datafield tag="099" ind1=" " ind2=" "><marc:subfield code="t">LS</marc:subfield><marc:subfield code="c">2014-06-30</marc:subfield><marc:subfield code="d">2014-06-30</marc:subfield><marc:subfield code="x">1</marc:subfield></marc:datafield><marc:datafield tag="100" ind1=" " ind2=" "><marc:subfield code="a">19       1991    k  y0frey5003    ba</marc:subfield></marc:datafield><marc:datafield tag="101" ind1=" " ind2=" "><marc:subfield code="a">fre</marc:subfield></marc:datafield><marc:datafield tag="200" ind1=" " ind2=" "><marc:subfield code="a">Contes pour enfants</marc:subfield><marc:subfield code="b">Enr. sonore</marc:subfield><marc:subfield code="h">Vol. 2</marc:subfield><marc:subfield code="f">Ch. Perrault</marc:subfield><marc:subfield code="g">H.C. Andersen</marc:subfield></marc:datafield><marc:datafield tag="210" ind1=" " ind2=" "><marc:subfield code="d">P 1991</marc:subfield></marc:datafield><marc:datafield tag="215" ind1=" " ind2=" "><marc:subfield code="a">1 d.c.</marc:subfield></marc:datafield><marc:datafield tag="327" ind1=" " ind2=" "><marc:subfield code="a">Cendrillon / C; Perrault, comp. ; J. Fabbry, récitant</marc:subfield><marc:subfield code="a">Le petit poucet / Ch. Perrault, comp. ; Ch. Minazzoli, récitant</marc:subfield><marc:subfield code="a">Le vilain petit canard / H.C. Andersen, comp. ; Ch. Minazzoli, récitant</marc:subfield><marc:subfield code="a">Peau d&apos;ane / Ch. Perrault, comp. ; Ch. Minazzoli</marc:subfield><marc:subfield code="a">La belle au bois dormant / Ch. Perrault, comp. ; M. Robinson, récitant</marc:subfield></marc:datafield><marc:datafield tag="339" ind1=" " ind2=" "><marc:subfield code="a">a</marc:subfield></marc:datafield><marc:datafield tag="609" ind1=" " ind2=" "><marc:subfield code="9">236152</marc:subfield><marc:subfield code="a">Contes musicaux</marc:subfield><marc:subfield code="x">Disques</marc:subfield></marc:datafield><marc:datafield tag="679" ind1=" " ind2=" "><marc:subfield code="a">721</marc:subfield></marc:datafield><marc:datafield tag="701" ind1=" " ind2="1"><marc:subfield code="9">6</marc:subfield><marc:subfield code="a">Andersen</marc:subfield><marc:subfield code="b">Hans Christian</marc:subfield><marc:subfield code="f">1805-1875</marc:subfield></marc:datafield><marc:datafield tag="801" ind1=" " ind2="0"><marc:subfield code="a">FR</marc:subfield><marc:subfield code="b">595126101</marc:subfield><marc:subfield code="c">20130306</marc:subfield><marc:subfield code="g">AFNOR</marc:subfield></marc:datafield><marc:datafield tag="995" ind1=" " ind2=" "><marc:subfield code="0">0</marc:subfield><marc:subfield code="2">1</marc:subfield><marc:subfield code="4">0</marc:subfield><marc:subfield code="5">2005-03-22</marc:subfield><marc:subfield code="9">740</marc:subfield><marc:subfield code="P">17.00</marc:subfield><marc:subfield code="b">MED</marc:subfield><marc:subfield code="c">MED</marc:subfield><marc:subfield code="e">MED2A</marc:subfield><marc:subfield code="f">C0001373529</marc:subfield><marc:subfield code="h">JABHLZZ</marc:subfield><marc:subfield code="k">E LS C/ABC</marc:subfield><marc:subfield code="l">Contient un cd</marc:subfield><marc:subfield code="o">0</marc:subfield><marc:subfield code="p">17.00</marc:subfield><marc:subfield code="r">PRETLS</marc:subfield><marc:subfield code="s">E_LS_CABC</marc:subfield><marc:subfield code="w">46</marc:subfield><marc:subfield code="y">2014-08-09</marc:subfield></marc:datafield></marc:record>