<marc:record><marc:leader>00886na  a2200217   4500</marc:leader><marc:controlfield tag="001">634</marc:controlfield><marc:controlfield tag="003">http://www.mediathequederoubaix.fr/ark:/20179/KH634</marc:controlfield><marc:controlfield tag="005">20180701143342.0</marc:controlfield><marc:datafield tag="035" ind1="0" ind2="0"><marc:subfield code="a">HZ_RBX59319</marc:subfield></marc:datafield><marc:datafield tag="090" ind1=" " ind2=" "><marc:subfield code="a">634</marc:subfield></marc:datafield><marc:datafield tag="091" ind1=" " ind2=" "><marc:subfield code="a">2</marc:subfield><marc:subfield code="b">20180701</marc:subfield><marc:subfield code="c">0</marc:subfield></marc:datafield><marc:datafield tag="099" ind1=" " ind2=" "><marc:subfield code="t">LI</marc:subfield><marc:subfield code="c">2014-06-30</marc:subfield><marc:subfield code="d">2014-06-30</marc:subfield><marc:subfield code="x">1</marc:subfield></marc:datafield><marc:datafield tag="100" ind1=" " ind2=" "><marc:subfield code="a">19       1964    k  y0frey5003    ba</marc:subfield></marc:datafield><marc:datafield tag="101" ind1=" " ind2=" "><marc:subfield code="a">fre</marc:subfield></marc:datafield><marc:datafield tag="200" ind1=" " ind2=" "><marc:subfield code="a">Les dieux ont soif</marc:subfield><marc:subfield code="f">Anatole France</marc:subfield></marc:datafield><marc:datafield tag="210" ind1=" " ind2=" "><marc:subfield code="c">Calmann-Lévy</marc:subfield><marc:subfield code="d">1964</marc:subfield></marc:datafield><marc:datafield tag="339" ind1=" " ind2=" "><marc:subfield code="a">m</marc:subfield></marc:datafield><marc:datafield tag="700" ind1="0" ind2=" "><marc:subfield code="9">1034</marc:subfield><marc:subfield code="3">11886331</marc:subfield><marc:subfield code="a">France</marc:subfield><marc:subfield code="b">Anatole</marc:subfield><marc:subfield code="f">1844-1924</marc:subfield></marc:datafield><marc:datafield tag="801" ind1=" " ind2="0"><marc:subfield code="a">FR</marc:subfield><marc:subfield code="b">595126101</marc:subfield><marc:subfield code="c">20050322</marc:subfield><marc:subfield code="g">AFNOR</marc:subfield></marc:datafield><marc:datafield tag="995" ind1=" " ind2=" "><marc:subfield code="0">0</marc:subfield><marc:subfield code="2">0</marc:subfield><marc:subfield code="4">0</marc:subfield><marc:subfield code="5">2005-03-22</marc:subfield><marc:subfield code="9">756</marc:subfield><marc:subfield code="P">24.00</marc:subfield><marc:subfield code="b">MED</marc:subfield><marc:subfield code="c">MED</marc:subfield><marc:subfield code="e">MED3E</marc:subfield><marc:subfield code="f">C0001150654</marc:subfield><marc:subfield code="h">AZZMAZZ</marc:subfield><marc:subfield code="k">Mag. in-8/44 491</marc:subfield><marc:subfield code="o">0</marc:subfield><marc:subfield code="p">24.00</marc:subfield><marc:subfield code="r">PRETLIV</marc:subfield><marc:subfield code="s">MAG___IN844_491_00000000000000</marc:subfield><marc:subfield code="w">6</marc:subfield><marc:subfield code="y">2018-07-13</marc:subfield></marc:datafield><marc:datafield tag="995" ind1=" " ind2=" "><marc:subfield code="0">0</marc:subfield><marc:subfield code="2">0</marc:subfield><marc:subfield code="4">0</marc:subfield><marc:subfield code="5">2005-03-22</marc:subfield><marc:subfield code="9">757</marc:subfield><marc:subfield code="P">24.00</marc:subfield><marc:subfield code="b">MED</marc:subfield><marc:subfield code="c">MED</marc:subfield><marc:subfield code="e">MED3E</marc:subfield><marc:subfield code="f">C0002581905</marc:subfield><marc:subfield code="h">AZZMAZZ</marc:subfield><marc:subfield code="k">Mag. in-8/31 966</marc:subfield><marc:subfield code="o">0</marc:subfield><marc:subfield code="p">24.00</marc:subfield><marc:subfield code="r">PRETLIV</marc:subfield><marc:subfield code="s">MAG___IN831_966_00000000000000</marc:subfield><marc:subfield code="w">2</marc:subfield><marc:subfield code="y">2018-06-26</marc:subfield></marc:datafield></marc:record>