<marc:record><marc:leader>01370nj  a2200301   4500</marc:leader><marc:controlfield tag="001">639</marc:controlfield><marc:controlfield tag="003">http://www.mediathequederoubaix.fr/ark:/20179/KH639</marc:controlfield><marc:controlfield tag="005">20180701143343.0</marc:controlfield><marc:datafield tag="035" ind1="0" ind2="0"><marc:subfield code="a">HZ_RBX59325</marc:subfield></marc:datafield><marc:datafield tag="071" ind1="0" ind2=" "><marc:subfield code="a">512266 2</marc:subfield><marc:subfield code="b">Philips</marc:subfield></marc:datafield><marc:datafield tag="090" ind1=" " ind2=" "><marc:subfield code="a">639</marc:subfield></marc:datafield><marc:datafield tag="091" ind1=" " ind2=" "><marc:subfield code="a">1</marc:subfield><marc:subfield code="b">20180701</marc:subfield><marc:subfield code="c">0</marc:subfield></marc:datafield><marc:datafield tag="099" ind1=" " ind2=" "><marc:subfield code="t">DC</marc:subfield><marc:subfield code="c">2014-06-30</marc:subfield><marc:subfield code="d">2014-06-30</marc:subfield><marc:subfield code="x">7</marc:subfield></marc:datafield><marc:datafield tag="100" ind1=" " ind2=" "><marc:subfield code="a">19       1992    k  y0frey5003    ba</marc:subfield></marc:datafield><marc:datafield tag="101" ind1=" " ind2=" "><marc:subfield code="a">fre</marc:subfield></marc:datafield><marc:datafield tag="200" ind1=" " ind2=" "><marc:subfield code="a">A capela do Brazil</marc:subfield><marc:subfield code="b">Enr. sonore</marc:subfield><marc:subfield code="f">Trio Esperença</marc:subfield></marc:datafield><marc:datafield tag="210" ind1=" " ind2=" "><marc:subfield code="d">P 1992</marc:subfield></marc:datafield><marc:datafield tag="215" ind1=" " ind2=" "><marc:subfield code="a">1 d.c.</marc:subfield><marc:subfield code="e">1 brochure</marc:subfield></marc:datafield><marc:datafield tag="327" ind1=" " ind2=" "><marc:subfield code="a">Aquarela de Brazil</marc:subfield><marc:subfield code="a">Casaco marrom</marc:subfield><marc:subfield code="a">O pato</marc:subfield><marc:subfield code="a">Qualquer coisa</marc:subfield><marc:subfield code="a">Aquele um</marc:subfield><marc:subfield code="a">Watashi (sapporo 76)</marc:subfield><marc:subfield code="a">Corcovaldo</marc:subfield><marc:subfield code="a">Coisa feita</marc:subfield><marc:subfield code="a">Começar de novo de passagem</marc:subfield><marc:subfield code="a">Goldherança</marc:subfield><marc:subfield code="a">Rua ramalhete</marc:subfield><marc:subfield code="a">Expresso 2222 / avec Gilberto Gil</marc:subfield><marc:subfield code="a">O que serà (a flor da pele) / avec Patrik Bruel</marc:subfield><marc:subfield code="a">Conversa de botaquim</marc:subfield><marc:subfield code="a">Toada</marc:subfield><marc:subfield code="a">Sam vincente</marc:subfield><marc:subfield code="a">Deixa isso pra là</marc:subfield></marc:datafield><marc:datafield tag="339" ind1=" " ind2=" "><marc:subfield code="a">m</marc:subfield></marc:datafield><marc:datafield tag="606" ind1=" " ind2=" "><marc:subfield code="a">Chant a capella</marc:subfield><marc:subfield code="x">Disques</marc:subfield><marc:subfield code="2">rameau</marc:subfield></marc:datafield><marc:datafield tag="606" ind1=" " ind2=" "><marc:subfield code="3">11981599</marc:subfield><marc:subfield code="9">1042</marc:subfield><marc:subfield code="a">Chansons portugaises</marc:subfield><marc:subfield code="x">Disques</marc:subfield><marc:subfield code="y">Brésil</marc:subfield><marc:subfield code="2">rameau</marc:subfield></marc:datafield><marc:datafield tag="679" ind1=" " ind2=" "><marc:subfield code="a">049.2</marc:subfield></marc:datafield><marc:datafield tag="701" ind1="0" ind2=" "><marc:subfield code="9">1043</marc:subfield><marc:subfield code="3">12140365</marc:subfield><marc:subfield code="a">Gil</marc:subfield><marc:subfield code="b">Gilberto</marc:subfield><marc:subfield code="f">1942-....</marc:subfield></marc:datafield><marc:datafield tag="701" ind1="0" ind2=" "><marc:subfield code="9">689</marc:subfield><marc:subfield code="3">13891922</marc:subfield><marc:subfield code="a">Bruel</marc:subfield><marc:subfield code="b">Patrick</marc:subfield><marc:subfield code="f">1959-....</marc:subfield></marc:datafield><marc:datafield tag="710" ind1="0" ind2=" "><marc:subfield code="9">1044</marc:subfield><marc:subfield code="3">13974116</marc:subfield><marc:subfield code="a">Trio Esperança</marc:subfield></marc:datafield><marc:datafield tag="801" ind1=" " ind2="0"><marc:subfield code="a">FR</marc:subfield><marc:subfield code="b">595126101</marc:subfield><marc:subfield code="c">20070828</marc:subfield><marc:subfield code="g">AFNOR</marc:subfield></marc:datafield><marc:datafield tag="995" ind1=" " ind2=" "><marc:subfield code="0">0</marc:subfield><marc:subfield code="2">0</marc:subfield><marc:subfield code="4">0</marc:subfield><marc:subfield code="5">2005-03-22</marc:subfield><marc:subfield code="9">763</marc:subfield><marc:subfield code="P">18.00</marc:subfield><marc:subfield code="b">MED</marc:subfield><marc:subfield code="c">MED</marc:subfield><marc:subfield code="e">MED1A</marc:subfield><marc:subfield code="f">C0001376056</marc:subfield><marc:subfield code="h">AMV90ZZ</marc:subfield><marc:subfield code="k">DC/049.2 TRI</marc:subfield><marc:subfield code="o">0</marc:subfield><marc:subfield code="p">18.00</marc:subfield><marc:subfield code="r">PRETSON</marc:subfield><marc:subfield code="s">DC_049_200000000000000_TRI</marc:subfield><marc:subfield code="w">69</marc:subfield><marc:subfield code="y">2017-07-18</marc:subfield></marc:datafield></marc:record>