<marc:record><marc:leader>01037nj  a2200253   4500</marc:leader><marc:controlfield tag="001">654</marc:controlfield><marc:controlfield tag="003">http://www.mediathequederoubaix.fr/ark:/20179/KH654</marc:controlfield><marc:controlfield tag="005">20180701143344.0</marc:controlfield><marc:datafield tag="035" ind1="0" ind2="0"><marc:subfield code="a">HZ_RBX59353</marc:subfield></marc:datafield><marc:datafield tag="071" ind1="0" ind2=" "><marc:subfield code="a">B 6757</marc:subfield><marc:subfield code="b">Auvidis</marc:subfield></marc:datafield><marc:datafield tag="090" ind1=" " ind2=" "><marc:subfield code="a">654</marc:subfield></marc:datafield><marc:datafield tag="091" ind1=" " ind2=" "><marc:subfield code="a">1</marc:subfield><marc:subfield code="b">20180701</marc:subfield><marc:subfield code="c">0</marc:subfield></marc:datafield><marc:datafield tag="099" ind1=" " ind2=" "><marc:subfield code="t">DC</marc:subfield><marc:subfield code="c">2014-06-30</marc:subfield><marc:subfield code="d">2014-06-30</marc:subfield><marc:subfield code="x">4</marc:subfield></marc:datafield><marc:datafield tag="100" ind1=" " ind2=" "><marc:subfield code="a">19       1991    k  y0frey5003    ba</marc:subfield></marc:datafield><marc:datafield tag="101" ind1=" " ind2=" "><marc:subfield code="a">fre</marc:subfield></marc:datafield><marc:datafield tag="200" ind1=" " ind2=" "><marc:subfield code="a">Fleuve jaune</marc:subfield><marc:subfield code="b">Enr. sonore</marc:subfield><marc:subfield code="e">Musique instrumentale chinoise</marc:subfield></marc:datafield><marc:datafield tag="210" ind1=" " ind2=" "><marc:subfield code="d">P 1991</marc:subfield></marc:datafield><marc:datafield tag="215" ind1=" " ind2=" "><marc:subfield code="a">1 d.c.</marc:subfield><marc:subfield code="e">1 brochure</marc:subfield></marc:datafield><marc:datafield tag="327" ind1=" " ind2=" "><marc:subfield code="a">Gusu xing</marc:subfield><marc:subfield code="a">Pingsha luoyan</marc:subfield><marc:subfield code="a">Pu&apos;an zhou</marc:subfield><marc:subfield code="a">Da lang tao sha</marc:subfield><marc:subfield code="a">Fei hua dian cui</marc:subfield><marc:subfield code="a">Sai shang ou</marc:subfield><marc:subfield code="a">Qiu si</marc:subfield><marc:subfield code="a">Zhao jun yan</marc:subfield><marc:subfield code="a">Si han</marc:subfield><marc:subfield code="a">Nissang qu</marc:subfield><marc:subfield code="a">Hangong qiuyue</marc:subfield><marc:subfield code="a">Yue ye</marc:subfield><marc:subfield code="a">Muni xinge</marc:subfield><marc:subfield code="a">Sizhu diao</marc:subfield><marc:subfield code="a">Ying zhong niao</marc:subfield><marc:subfield code="a">Jinse kuang wu</marc:subfield></marc:datafield><marc:datafield tag="339" ind1=" " ind2=" "><marc:subfield code="a">m</marc:subfield></marc:datafield><marc:datafield tag="606" ind1=" " ind2=" "><marc:subfield code="9">236162</marc:subfield><marc:subfield code="a">Musique traditionnelle</marc:subfield><marc:subfield code="y">Chine</marc:subfield><marc:subfield code="x">Disques</marc:subfield></marc:datafield><marc:datafield tag="679" ind1=" " ind2=" "><marc:subfield code="a">033.1</marc:subfield></marc:datafield><marc:datafield tag="801" ind1=" " ind2="0"><marc:subfield code="a">FR</marc:subfield><marc:subfield code="b">595126101</marc:subfield><marc:subfield code="c">20070828</marc:subfield><marc:subfield code="g">AFNOR</marc:subfield></marc:datafield><marc:datafield tag="995" ind1=" " ind2=" "><marc:subfield code="0">0</marc:subfield><marc:subfield code="2">0</marc:subfield><marc:subfield code="4">0</marc:subfield><marc:subfield code="5">2005-03-22</marc:subfield><marc:subfield code="9">778</marc:subfield><marc:subfield code="P">18.00</marc:subfield><marc:subfield code="b">MED</marc:subfield><marc:subfield code="c">MED</marc:subfield><marc:subfield code="e">MED1A</marc:subfield><marc:subfield code="f">C0001376179</marc:subfield><marc:subfield code="h">AMV90ZZ</marc:subfield><marc:subfield code="k">DC/033.1 FLE</marc:subfield><marc:subfield code="o">0</marc:subfield><marc:subfield code="p">18.00</marc:subfield><marc:subfield code="r">PRETSON</marc:subfield><marc:subfield code="s">DC_033_100000000000000_FLE</marc:subfield><marc:subfield code="w">79</marc:subfield><marc:subfield code="y">2017-12-06</marc:subfield></marc:datafield></marc:record>