<marc:record><marc:leader>00980nj  a2200265   4500</marc:leader><marc:controlfield tag="001">658</marc:controlfield><marc:controlfield tag="003">http://www.mediathequederoubaix.fr/ark:/20179/KH658</marc:controlfield><marc:controlfield tag="005">20180701143344.0</marc:controlfield><marc:datafield tag="035" ind1="0" ind2="0"><marc:subfield code="a">HZ_RBX59359</marc:subfield></marc:datafield><marc:datafield tag="071" ind1="0" ind2=" "><marc:subfield code="a">C 56001</marc:subfield><marc:subfield code="b">Ocora</marc:subfield></marc:datafield><marc:datafield tag="090" ind1=" " ind2=" "><marc:subfield code="a">658</marc:subfield></marc:datafield><marc:datafield tag="091" ind1=" " ind2=" "><marc:subfield code="a">1</marc:subfield><marc:subfield code="b">20180701</marc:subfield><marc:subfield code="c">0</marc:subfield></marc:datafield><marc:datafield tag="099" ind1=" " ind2=" "><marc:subfield code="t">DC</marc:subfield><marc:subfield code="c">2014-06-30</marc:subfield><marc:subfield code="d">2014-06-30</marc:subfield><marc:subfield code="x">1</marc:subfield></marc:datafield><marc:datafield tag="100" ind1=" " ind2=" "><marc:subfield code="a">19       1990    k  y0frey5003    ba</marc:subfield></marc:datafield><marc:datafield tag="101" ind1=" " ind2=" "><marc:subfield code="a">fre</marc:subfield></marc:datafield><marc:datafield tag="200" ind1=" " ind2=" "><marc:subfield code="a">Chine</marc:subfield><marc:subfield code="b">Enr. sonore</marc:subfield><marc:subfield code="e">L&apos;art du qin</marc:subfield><marc:subfield code="e">Li xiangting</marc:subfield></marc:datafield><marc:datafield tag="210" ind1=" " ind2=" "><marc:subfield code="d">P 1990</marc:subfield></marc:datafield><marc:datafield tag="215" ind1=" " ind2=" "><marc:subfield code="a">1 d.c.</marc:subfield><marc:subfield code="e">1 brochure</marc:subfield></marc:datafield><marc:datafield tag="327" ind1=" " ind2=" "><marc:subfield code="a">Meihua san nong</marc:subfield><marc:subfield code="a">Youlan</marc:subfield><marc:subfield code="a">Ainai</marc:subfield><marc:subfield code="a">Qiu sai yin</marc:subfield><marc:subfield code="a">Liushui</marc:subfield><marc:subfield code="a">Yi guren</marc:subfield><marc:subfield code="a">Xia xiang shui yun</marc:subfield><marc:subfield code="a">Changmen yan</marc:subfield><marc:subfield code="a">Guangling san</marc:subfield></marc:datafield><marc:datafield tag="339" ind1=" " ind2=" "><marc:subfield code="a">m</marc:subfield></marc:datafield><marc:datafield tag="606" ind1=" " ind2=" "><marc:subfield code="9">236162</marc:subfield><marc:subfield code="a">Musique traditionnelle</marc:subfield><marc:subfield code="y">Chine</marc:subfield><marc:subfield code="x">Disques</marc:subfield></marc:datafield><marc:datafield tag="606" ind1=" " ind2=" "><marc:subfield code="9">236165</marc:subfield><marc:subfield code="a">Cithare, Musique de</marc:subfield><marc:subfield code="x">Disques</marc:subfield></marc:datafield><marc:datafield tag="679" ind1=" " ind2=" "><marc:subfield code="a">033.1</marc:subfield></marc:datafield><marc:datafield tag="801" ind1=" " ind2="0"><marc:subfield code="a">FR</marc:subfield><marc:subfield code="b">595126101</marc:subfield><marc:subfield code="c">20070828</marc:subfield><marc:subfield code="g">AFNOR</marc:subfield></marc:datafield><marc:datafield tag="995" ind1=" " ind2=" "><marc:subfield code="0">0</marc:subfield><marc:subfield code="2">0</marc:subfield><marc:subfield code="4">0</marc:subfield><marc:subfield code="5">2005-03-22</marc:subfield><marc:subfield code="9">782</marc:subfield><marc:subfield code="P">18.00</marc:subfield><marc:subfield code="b">MED</marc:subfield><marc:subfield code="c">MED</marc:subfield><marc:subfield code="e">MED1A</marc:subfield><marc:subfield code="f">C0001376412</marc:subfield><marc:subfield code="h">AMV90ZZ</marc:subfield><marc:subfield code="k">DC/033.1 CHI</marc:subfield><marc:subfield code="o">0</marc:subfield><marc:subfield code="p">18.00</marc:subfield><marc:subfield code="r">PRETSON</marc:subfield><marc:subfield code="s">DC_033_100000000000000_CHI</marc:subfield><marc:subfield code="w">47</marc:subfield><marc:subfield code="y">2017-01-28</marc:subfield></marc:datafield></marc:record>