<marc:record><marc:leader>01467nj  a2200265   4500</marc:leader><marc:controlfield tag="001">659</marc:controlfield><marc:controlfield tag="003">http://www.mediathequederoubaix.fr/ark:/20179/KH659</marc:controlfield><marc:controlfield tag="005">20180701143344.0</marc:controlfield><marc:datafield tag="035" ind1="0" ind2="0"><marc:subfield code="a">HZ_RBX59360</marc:subfield></marc:datafield><marc:datafield tag="071" ind1="0" ind2=" "><marc:subfield code="a">LDX 274 750</marc:subfield><marc:subfield code="b">Le Cahnat du Monde</marc:subfield></marc:datafield><marc:datafield tag="090" ind1=" " ind2=" "><marc:subfield code="a">659</marc:subfield></marc:datafield><marc:datafield tag="091" ind1=" " ind2=" "><marc:subfield code="a">1</marc:subfield><marc:subfield code="b">20180701</marc:subfield><marc:subfield code="c">0</marc:subfield></marc:datafield><marc:datafield tag="099" ind1=" " ind2=" "><marc:subfield code="t">DC</marc:subfield><marc:subfield code="c">2014-06-30</marc:subfield><marc:subfield code="d">2014-06-30</marc:subfield><marc:subfield code="x">1</marc:subfield></marc:datafield><marc:datafield tag="100" ind1=" " ind2=" "><marc:subfield code="a">19       1995    k  y0frey5003    ba</marc:subfield></marc:datafield><marc:datafield tag="101" ind1=" " ind2=" "><marc:subfield code="a">fre</marc:subfield></marc:datafield><marc:datafield tag="200" ind1=" " ind2=" "><marc:subfield code="a">Trente ans de chansons</marc:subfield><marc:subfield code="b">Enr. sonore</marc:subfield><marc:subfield code="f">Atahualpa Yupanqui</marc:subfield></marc:datafield><marc:datafield tag="210" ind1=" " ind2=" "><marc:subfield code="d">[1995]</marc:subfield></marc:datafield><marc:datafield tag="215" ind1=" " ind2=" "><marc:subfield code="a">1 d.c.</marc:subfield><marc:subfield code="e">1 brochure (15 P. ; 12 cm)</marc:subfield></marc:datafield><marc:datafield tag="327" ind1=" " ind2=" "><marc:subfield code="a">Duerme negrito, arrullo</marc:subfield><marc:subfield code="a">Los ejesde mi carreta, milonga</marc:subfield><marc:subfield code="a">Preguntitas sobre dios, cancion</marc:subfield><marc:subfield code="a">La del campo, chacarera</marc:subfield><marc:subfield code="a">Nada mas (Hommage à Ernesto Guevara)</marc:subfield><marc:subfield code="a">Trabajo, quiero trabajo, cancion</marc:subfield><marc:subfield code="a">Punay, cancion india</marc:subfield><marc:subfield code="a">El pœta</marc:subfield><marc:subfield code="a">Hui, Jo Jo Jo !</marc:subfield><marc:subfield code="a">Campesino, cancion</marc:subfield><marc:subfield code="a">De aquellos cerros vengo</marc:subfield><marc:subfield code="a">Basta ya</marc:subfield><marc:subfield code="a">Soy libre ! Soy Bueno !, baguala andina</marc:subfield><marc:subfield code="a">El Tulumbano, gato</marc:subfield><marc:subfield code="a">Cancion para Pablo Neruda</marc:subfield><marc:subfield code="a">Camino del Indio, cancion</marc:subfield><marc:subfield code="a">La Olvidada, chacarera</marc:subfield><marc:subfield code="a">Danza de la Paloma enamorada, danza</marc:subfield><marc:subfield code="a">Pobrecito soy, cancion</marc:subfield><marc:subfield code="a">Guitarra de Pobre, zamba</marc:subfield></marc:datafield><marc:datafield tag="339" ind1=" " ind2=" "><marc:subfield code="a">m</marc:subfield></marc:datafield><marc:datafield tag="606" ind1=" " ind2=" "><marc:subfield code="a">Chansons espagnoles</marc:subfield><marc:subfield code="y">Argentine</marc:subfield><marc:subfield code="x">Disques</marc:subfield><marc:subfield code="2">rameau</marc:subfield></marc:datafield><marc:datafield tag="679" ind1=" " ind2=" "><marc:subfield code="a">042.2</marc:subfield></marc:datafield><marc:datafield tag="700" ind1="0" ind2=" "><marc:subfield code="9">148329</marc:subfield><marc:subfield code="7">ba0yba0y</marc:subfield><marc:subfield code="8">fre   </marc:subfield><marc:subfield code="3">12409367</marc:subfield><marc:subfield code="a">Yupanqui</marc:subfield><marc:subfield code="b">Atahualpa</marc:subfield><marc:subfield code="f">1908-1992</marc:subfield><marc:subfield code="c">pseud.</marc:subfield></marc:datafield><marc:datafield tag="801" ind1=" " ind2="0"><marc:subfield code="a">FR</marc:subfield><marc:subfield code="b">595126101</marc:subfield><marc:subfield code="c">20070828</marc:subfield><marc:subfield code="g">AFNOR</marc:subfield></marc:datafield><marc:datafield tag="995" ind1=" " ind2=" "><marc:subfield code="0">0</marc:subfield><marc:subfield code="2">0</marc:subfield><marc:subfield code="4">0</marc:subfield><marc:subfield code="5">2005-03-22</marc:subfield><marc:subfield code="9">783</marc:subfield><marc:subfield code="P">18.00</marc:subfield><marc:subfield code="b">MED</marc:subfield><marc:subfield code="c">MED</marc:subfield><marc:subfield code="e">MED1A</marc:subfield><marc:subfield code="f">C0001375660</marc:subfield><marc:subfield code="h">AMV90ZZ</marc:subfield><marc:subfield code="k">DC/042.2 YUP</marc:subfield><marc:subfield code="o">0</marc:subfield><marc:subfield code="p">18.00</marc:subfield><marc:subfield code="r">PRETSON</marc:subfield><marc:subfield code="s">DC_042_200000000000000_YUP</marc:subfield><marc:subfield code="w">48</marc:subfield><marc:subfield code="y">2016-09-22</marc:subfield></marc:datafield></marc:record>