<marc:record><marc:leader>01152nj  a2200265   4500</marc:leader><marc:controlfield tag="001">660</marc:controlfield><marc:controlfield tag="003">http://www.mediathequederoubaix.fr/ark:/20179/KH660</marc:controlfield><marc:controlfield tag="005">20180719171507.0</marc:controlfield><marc:datafield tag="035" ind1="0" ind2="0"><marc:subfield code="a">HZ_RBX59361</marc:subfield></marc:datafield><marc:datafield tag="071" ind1="0" ind2=" "><marc:subfield code="a">C 559076/7</marc:subfield><marc:subfield code="b">Ocora</marc:subfield></marc:datafield><marc:datafield tag="090" ind1=" " ind2=" "><marc:subfield code="a">660</marc:subfield></marc:datafield><marc:datafield tag="091" ind1=" " ind2=" "><marc:subfield code="a">1</marc:subfield><marc:subfield code="b">20180701</marc:subfield><marc:subfield code="c">0</marc:subfield></marc:datafield><marc:datafield tag="099" ind1=" " ind2=" "><marc:subfield code="t">DC</marc:subfield><marc:subfield code="c">2014-06-30</marc:subfield><marc:subfield code="d">2014-06-30</marc:subfield><marc:subfield code="x">3</marc:subfield></marc:datafield><marc:datafield tag="100" ind1=" " ind2=" "><marc:subfield code="a">19       1989    k  y0frey5003    ba</marc:subfield></marc:datafield><marc:datafield tag="101" ind1=" " ind2=" "><marc:subfield code="a">fre</marc:subfield></marc:datafield><marc:datafield tag="200" ind1=" " ind2=" "><marc:subfield code="a">Hommage à Wayan Lotring</marc:subfield><marc:subfield code="b">Enr. sonore</marc:subfield><marc:subfield code="e">Bali</marc:subfield></marc:datafield><marc:datafield tag="210" ind1=" " ind2=" "><marc:subfield code="d">P 1989</marc:subfield></marc:datafield><marc:datafield tag="215" ind1=" " ind2=" "><marc:subfield code="a">2 d.c.</marc:subfield><marc:subfield code="e">1 brochure</marc:subfield></marc:datafield><marc:datafield tag="327" ind1=" " ind2=" "><marc:subfield code="a">Disque 1 : Liar samas</marc:subfield><marc:subfield code="a">Gambangan</marc:subfield><marc:subfield code="a">Kapi raja</marc:subfield><marc:subfield code="a">Sisyan</marc:subfield><marc:subfield code="a">Candra kanta</marc:subfield><marc:subfield code="a">Pelayon</marc:subfield><marc:subfield code="a">Solo</marc:subfield><marc:subfield code="a">Jobog</marc:subfield><marc:subfield code="a">Disque 2 : Legong kraton : condong, pengawak, lansem garauda</marc:subfield><marc:subfield code="a">Tunjang</marc:subfield><marc:subfield code="a">Gender wayang : Pemungkah</marc:subfield><marc:subfield code="a">Gender wayang : Sekar Ginotan</marc:subfield><marc:subfield code="a">Gender wayang : Merak ngelo</marc:subfield></marc:datafield><marc:datafield tag="339" ind1=" " ind2=" "><marc:subfield code="a">m</marc:subfield></marc:datafield><marc:datafield tag="606" ind1=" " ind2=" "><marc:subfield code="9">236166</marc:subfield><marc:subfield code="a">Musique traditionnelle</marc:subfield><marc:subfield code="y">Indonésie</marc:subfield><marc:subfield code="y">Bali</marc:subfield><marc:subfield code="x">Disques</marc:subfield></marc:datafield><marc:datafield tag="679" ind1=" " ind2=" "><marc:subfield code="a">037.1</marc:subfield></marc:datafield><marc:datafield tag="700" ind1="0" ind2=" "><marc:subfield code="9">279025</marc:subfield><marc:subfield code="a">Lotring</marc:subfield><marc:subfield code="b">Wayan</marc:subfield><marc:subfield code="f">1898-1983</marc:subfield></marc:datafield><marc:datafield tag="801" ind1=" " ind2="0"><marc:subfield code="a">FR</marc:subfield><marc:subfield code="b">595126101</marc:subfield><marc:subfield code="c">20070828</marc:subfield><marc:subfield code="g">AFNOR</marc:subfield></marc:datafield><marc:datafield tag="995" ind1=" " ind2=" "><marc:subfield code="0">0</marc:subfield><marc:subfield code="2">0</marc:subfield><marc:subfield code="4">0</marc:subfield><marc:subfield code="5">2005-03-22</marc:subfield><marc:subfield code="9">784</marc:subfield><marc:subfield code="P">18.00</marc:subfield><marc:subfield code="b">MED</marc:subfield><marc:subfield code="c">MED</marc:subfield><marc:subfield code="e">MED1A</marc:subfield><marc:subfield code="f">C0001376129</marc:subfield><marc:subfield code="h">AMV90ZZ</marc:subfield><marc:subfield code="k">DC/037.1 LOT</marc:subfield><marc:subfield code="l">Contient : 2 CD + 1 brochure</marc:subfield><marc:subfield code="o">0</marc:subfield><marc:subfield code="p">18.00</marc:subfield><marc:subfield code="r">PRETSON</marc:subfield><marc:subfield code="s">DC_037_100000000000000_LOT</marc:subfield><marc:subfield code="w">40</marc:subfield><marc:subfield code="y">2017-08-18</marc:subfield></marc:datafield></marc:record>