<marc:record><marc:leader>01278nj  a2200253   4500</marc:leader><marc:controlfield tag="001">663</marc:controlfield><marc:controlfield tag="003">http://www.mediathequederoubaix.fr/ark:/20179/KH663</marc:controlfield><marc:controlfield tag="005">20180701143344.0</marc:controlfield><marc:datafield tag="035" ind1="0" ind2="0"><marc:subfield code="a">HZ_RBX59367</marc:subfield></marc:datafield><marc:datafield tag="071" ind1="0" ind2=" "><marc:subfield code="a">W 260009</marc:subfield><marc:subfield code="b">Maison des cultures du monde</marc:subfield></marc:datafield><marc:datafield tag="090" ind1=" " ind2=" "><marc:subfield code="a">663</marc:subfield></marc:datafield><marc:datafield tag="091" ind1=" " ind2=" "><marc:subfield code="a">1</marc:subfield><marc:subfield code="b">20180701</marc:subfield><marc:subfield code="c">0</marc:subfield></marc:datafield><marc:datafield tag="099" ind1=" " ind2=" "><marc:subfield code="t">DC</marc:subfield><marc:subfield code="c">2014-06-30</marc:subfield><marc:subfield code="d">2014-06-30</marc:subfield><marc:subfield code="x">4</marc:subfield></marc:datafield><marc:datafield tag="100" ind1=" " ind2=" "><marc:subfield code="a">19       1989    k  y0frey5003    ba</marc:subfield></marc:datafield><marc:datafield tag="101" ind1=" " ind2=" "><marc:subfield code="a">fre</marc:subfield></marc:datafield><marc:datafield tag="200" ind1=" " ind2=" "><marc:subfield code="a">Mongolie</marc:subfield><marc:subfield code="b">Enr. sonore</marc:subfield><marc:subfield code="e">Musique vocale et instrumentale</marc:subfield></marc:datafield><marc:datafield tag="210" ind1=" " ind2=" "><marc:subfield code="d">P 1989</marc:subfield></marc:datafield><marc:datafield tag="215" ind1=" " ind2=" "><marc:subfield code="a">1 d.c.</marc:subfield><marc:subfield code="e">1 brochure</marc:subfield></marc:datafield><marc:datafield tag="327" ind1=" " ind2=" "><marc:subfield code="a">Jaakhan charga</marc:subfield><marc:subfield code="a">Erdene zasguyn unaga</marc:subfield><marc:subfield code="a">Morin tovörgoön</marc:subfield><marc:subfield code="a">Torguud nutag</marc:subfield><marc:subfield code="a">Khöomi</marc:subfield><marc:subfield code="a">Khuren khaalgatai delguur</marc:subfield><marc:subfield code="a">Mandal juujaa</marc:subfield><marc:subfield code="a">Musique de danse, dance music</marc:subfield><marc:subfield code="a">Khangayin matgaal</marc:subfield><marc:subfield code="a">Dörvön uul</marc:subfield><marc:subfield code="a">Alsyn gazryn zereglee</marc:subfield><marc:subfield code="a">Budarmaar budarmaar salkhi</marc:subfield><marc:subfield code="a">Chingin chivrin uus</marc:subfield><marc:subfield code="a">Dursgalyn alchuur</marc:subfield><marc:subfield code="a">Tosonguyn oroygoor</marc:subfield><marc:subfield code="a">Kharmayn khagd</marc:subfield><marc:subfield code="a">Dunjin garav</marc:subfield><marc:subfield code="a">Enkh mendyn bayar</marc:subfield><marc:subfield code="a">Ovgön chuuvuu</marc:subfield><marc:subfield code="a">Dörvön oyrdyn uurya</marc:subfield><marc:subfield code="a">Uekhan zambuu tivyn naran</marc:subfield><marc:subfield code="a">Altayn magtaal</marc:subfield></marc:datafield><marc:datafield tag="339" ind1=" " ind2=" "><marc:subfield code="a">m</marc:subfield></marc:datafield><marc:datafield tag="606" ind1=" " ind2=" "><marc:subfield code="9">236168</marc:subfield><marc:subfield code="a">Musique traditionnelle</marc:subfield><marc:subfield code="y">Mongolie</marc:subfield><marc:subfield code="x">Disques</marc:subfield></marc:datafield><marc:datafield tag="679" ind1=" " ind2=" "><marc:subfield code="a">033.1</marc:subfield></marc:datafield><marc:datafield tag="801" ind1=" " ind2="0"><marc:subfield code="a">FR</marc:subfield><marc:subfield code="b">595126101</marc:subfield><marc:subfield code="c">20070828</marc:subfield><marc:subfield code="g">AFNOR</marc:subfield></marc:datafield><marc:datafield tag="995" ind1=" " ind2=" "><marc:subfield code="0">0</marc:subfield><marc:subfield code="2">0</marc:subfield><marc:subfield code="4">0</marc:subfield><marc:subfield code="5">2005-03-22</marc:subfield><marc:subfield code="9">790</marc:subfield><marc:subfield code="P">18.00</marc:subfield><marc:subfield code="b">MED</marc:subfield><marc:subfield code="c">MED</marc:subfield><marc:subfield code="e">MED1A</marc:subfield><marc:subfield code="f">C0001376006</marc:subfield><marc:subfield code="h">AMV90ZZ</marc:subfield><marc:subfield code="k">DC/033.1 MON</marc:subfield><marc:subfield code="o">0</marc:subfield><marc:subfield code="p">18.00</marc:subfield><marc:subfield code="r">PRETSON</marc:subfield><marc:subfield code="s">DC_033_100000000000000_MON</marc:subfield><marc:subfield code="w">52</marc:subfield><marc:subfield code="y">2016-12-09</marc:subfield></marc:datafield></marc:record>