<marc:record><marc:leader>01280nj  a2200265   4500</marc:leader><marc:controlfield tag="001">669</marc:controlfield><marc:controlfield tag="003">http://www.mediathequederoubaix.fr/ark:/20179/KH669</marc:controlfield><marc:controlfield tag="005">20180701143345.0</marc:controlfield><marc:datafield tag="035" ind1="0" ind2="0"><marc:subfield code="a">HZ_RBX59376</marc:subfield></marc:datafield><marc:datafield tag="071" ind1="0" ind2=" "><marc:subfield code="a">C 559039</marc:subfield><marc:subfield code="b">Ocora</marc:subfield></marc:datafield><marc:datafield tag="090" ind1=" " ind2=" "><marc:subfield code="a">669</marc:subfield></marc:datafield><marc:datafield tag="091" ind1=" " ind2=" "><marc:subfield code="a">1</marc:subfield><marc:subfield code="b">20180701</marc:subfield><marc:subfield code="c">0</marc:subfield></marc:datafield><marc:datafield tag="099" ind1=" " ind2=" "><marc:subfield code="t">DC</marc:subfield><marc:subfield code="c">2014-06-30</marc:subfield><marc:subfield code="d">2014-06-30</marc:subfield><marc:subfield code="x">1</marc:subfield></marc:datafield><marc:datafield tag="100" ind1=" " ind2=" "><marc:subfield code="a">19       1988    k  y0frey5003    ba</marc:subfield></marc:datafield><marc:datafield tag="101" ind1=" " ind2=" "><marc:subfield code="a">fre</marc:subfield></marc:datafield><marc:datafield tag="200" ind1=" " ind2=" "><marc:subfield code="a">Chine</marc:subfield><marc:subfield code="b">Enr. sonore</marc:subfield><marc:subfield code="e">Musique classique</marc:subfield></marc:datafield><marc:datafield tag="210" ind1=" " ind2=" "><marc:subfield code="d">P 1988</marc:subfield></marc:datafield><marc:datafield tag="215" ind1=" " ind2=" "><marc:subfield code="a">1 d.c.</marc:subfield><marc:subfield code="e">1 brochure</marc:subfield></marc:datafield><marc:datafield tag="327" ind1=" " ind2=" "><marc:subfield code="a">Eaux qui coulent</marc:subfield><marc:subfield code="a">Hautes montagnes et eaux qui coulent</marc:subfield><marc:subfield code="a">La lune d&apos;automne dans le palais des han</marc:subfield><marc:subfield code="a">Embuscades de tous côtés</marc:subfield><marc:subfield code="a">La perdrix</marc:subfield><marc:subfield code="a">L&apos;encens au dessus du monastère</marc:subfield><marc:subfield code="a">En écoutant les pins</marc:subfield><marc:subfield code="a">L&apos;air des ombres</marc:subfield><marc:subfield code="a">Sur le mont Yimeng</marc:subfield><marc:subfield code="a">La chanson du pauvre</marc:subfield><marc:subfield code="a">La vague nettoie la plage</marc:subfield><marc:subfield code="a">La bourse brodée</marc:subfield><marc:subfield code="a">Le saule argenté</marc:subfield><marc:subfield code="a">Pétales neigeant sur l&apos;herbe</marc:subfield><marc:subfield code="a">Chant du gerfaut</marc:subfield><marc:subfield code="a">Ressentiment au palais Changmen</marc:subfield><marc:subfield code="a">L&apos;incantation du pu&apos;an</marc:subfield></marc:datafield><marc:datafield tag="339" ind1=" " ind2=" "><marc:subfield code="a">m</marc:subfield></marc:datafield><marc:datafield tag="606" ind1=" " ind2=" "><marc:subfield code="9">236162</marc:subfield><marc:subfield code="a">Musique traditionnelle</marc:subfield><marc:subfield code="y">Chine</marc:subfield><marc:subfield code="x">Disques</marc:subfield></marc:datafield><marc:datafield tag="606" ind1=" " ind2=" "><marc:subfield code="9">236172</marc:subfield><marc:subfield code="a">Musique</marc:subfield><marc:subfield code="y">Chine</marc:subfield><marc:subfield code="x">Disques</marc:subfield></marc:datafield><marc:datafield tag="679" ind1=" " ind2=" "><marc:subfield code="a">033.1</marc:subfield></marc:datafield><marc:datafield tag="801" ind1=" " ind2="0"><marc:subfield code="a">FR</marc:subfield><marc:subfield code="b">595126101</marc:subfield><marc:subfield code="c">20070828</marc:subfield><marc:subfield code="g">AFNOR</marc:subfield></marc:datafield><marc:datafield tag="995" ind1=" " ind2=" "><marc:subfield code="0">0</marc:subfield><marc:subfield code="2">0</marc:subfield><marc:subfield code="4">0</marc:subfield><marc:subfield code="5">2005-03-22</marc:subfield><marc:subfield code="9">796</marc:subfield><marc:subfield code="P">18.00</marc:subfield><marc:subfield code="b">MED</marc:subfield><marc:subfield code="c">MED</marc:subfield><marc:subfield code="e">MED3C</marc:subfield><marc:subfield code="f">C0001375945</marc:subfield><marc:subfield code="h">AMV90ZZ</marc:subfield><marc:subfield code="k">DC/033.1 CHI</marc:subfield><marc:subfield code="o">0</marc:subfield><marc:subfield code="p">18.00</marc:subfield><marc:subfield code="r">PRETSON</marc:subfield><marc:subfield code="s">DC_033_100000000000000_CHI</marc:subfield><marc:subfield code="w">48</marc:subfield><marc:subfield code="y">2015-02-04</marc:subfield></marc:datafield></marc:record>