<marc:record><marc:leader>01068nj  a2200253   4500</marc:leader><marc:controlfield tag="001">674</marc:controlfield><marc:controlfield tag="003">http://www.mediathequederoubaix.fr/ark:/20179/KH674</marc:controlfield><marc:controlfield tag="005">20180701143345.0</marc:controlfield><marc:datafield tag="035" ind1="0" ind2="0"><marc:subfield code="a">HZ_RBX59384</marc:subfield></marc:datafield><marc:datafield tag="071" ind1="0" ind2=" "><marc:subfield code="a">A 6217</marc:subfield><marc:subfield code="b">Auvidis</marc:subfield></marc:datafield><marc:datafield tag="090" ind1=" " ind2=" "><marc:subfield code="a">674</marc:subfield></marc:datafield><marc:datafield tag="091" ind1=" " ind2=" "><marc:subfield code="a">1</marc:subfield><marc:subfield code="b">20180701</marc:subfield><marc:subfield code="c">0</marc:subfield></marc:datafield><marc:datafield tag="099" ind1=" " ind2=" "><marc:subfield code="t">DC</marc:subfield><marc:subfield code="c">2014-06-30</marc:subfield><marc:subfield code="d">2014-06-30</marc:subfield><marc:subfield code="x">3</marc:subfield></marc:datafield><marc:datafield tag="100" ind1=" " ind2=" "><marc:subfield code="a">19       1987    k  y0frey5003    ba</marc:subfield></marc:datafield><marc:datafield tag="101" ind1=" " ind2=" "><marc:subfield code="a">fre</marc:subfield></marc:datafield><marc:datafield tag="200" ind1=" " ind2=" "><marc:subfield code="a">Musiques des andes</marc:subfield><marc:subfield code="b">Enr .sonore</marc:subfield><marc:subfield code="e">Pak&apos;Xha</marc:subfield></marc:datafield><marc:datafield tag="210" ind1=" " ind2=" "><marc:subfield code="d">P 1987</marc:subfield></marc:datafield><marc:datafield tag="215" ind1=" " ind2=" "><marc:subfield code="a">1 d.c.</marc:subfield><marc:subfield code="e">1 Brochure</marc:subfield></marc:datafield><marc:datafield tag="327" ind1=" " ind2=" "><marc:subfield code="a">Campanitas de punyaro</marc:subfield><marc:subfield code="a">Pharilla Phallcha</marc:subfield><marc:subfield code="a">Wayranguita</marc:subfield><marc:subfield code="a">Lunarejitu</marc:subfield><marc:subfield code="a">Jatari quilotoa</marc:subfield><marc:subfield code="a">Mank&apos;a phaya</marc:subfield><marc:subfield code="a">Flores para la mamita</marc:subfield><marc:subfield code="a">Pascualitay</marc:subfield><marc:subfield code="a">Quilluag</marc:subfield><marc:subfield code="a">Color panchito</marc:subfield><marc:subfield code="a">K&apos;aska anuthaya</marc:subfield><marc:subfield code="a">Manzana pata</marc:subfield><marc:subfield code="a">K&apos;arallanta</marc:subfield><marc:subfield code="a">Condorcito</marc:subfield><marc:subfield code="a">Huaylas de san mateo</marc:subfield><marc:subfield code="a">Recuerdos de cope</marc:subfield></marc:datafield><marc:datafield tag="339" ind1=" " ind2=" "><marc:subfield code="a">m</marc:subfield></marc:datafield><marc:datafield tag="606" ind1=" " ind2=" "><marc:subfield code="9">236173</marc:subfield><marc:subfield code="a">Musique traditionnelle</marc:subfield><marc:subfield code="y">Bolivie</marc:subfield><marc:subfield code="x">Disques</marc:subfield></marc:datafield><marc:datafield tag="679" ind1=" " ind2=" "><marc:subfield code="a">044.1</marc:subfield></marc:datafield><marc:datafield tag="801" ind1=" " ind2="0"><marc:subfield code="a">FR</marc:subfield><marc:subfield code="b">595126101</marc:subfield><marc:subfield code="c">20070828</marc:subfield><marc:subfield code="g">AFNOR</marc:subfield></marc:datafield><marc:datafield tag="995" ind1=" " ind2=" "><marc:subfield code="0">0</marc:subfield><marc:subfield code="2">0</marc:subfield><marc:subfield code="4">1</marc:subfield><marc:subfield code="5">2005-03-22</marc:subfield><marc:subfield code="9">802</marc:subfield><marc:subfield code="P">18.00</marc:subfield><marc:subfield code="b">MED</marc:subfield><marc:subfield code="c">MED</marc:subfield><marc:subfield code="e">MED1A</marc:subfield><marc:subfield code="f">C0001377264</marc:subfield><marc:subfield code="h">AMV90ZZ</marc:subfield><marc:subfield code="k">DC/044.1 MUS</marc:subfield><marc:subfield code="o">0</marc:subfield><marc:subfield code="p">18.00</marc:subfield><marc:subfield code="r">PRETSON</marc:subfield><marc:subfield code="s">DC_044_100000000000000_MUS</marc:subfield><marc:subfield code="w">96</marc:subfield><marc:subfield code="y">2017-03-28</marc:subfield></marc:datafield></marc:record>