<marc:record><marc:leader>01256nj  a2200265   4500</marc:leader><marc:controlfield tag="001">675</marc:controlfield><marc:controlfield tag="003">http://www.mediathequederoubaix.fr/ark:/20179/KH675</marc:controlfield><marc:controlfield tag="005">20180701143345.0</marc:controlfield><marc:datafield tag="035" ind1="0" ind2="0"><marc:subfield code="a">HZ_RBX59385</marc:subfield></marc:datafield><marc:datafield tag="071" ind1="0" ind2=" "><marc:subfield code="a">590 045</marc:subfield><marc:subfield code="b">ADDA</marc:subfield></marc:datafield><marc:datafield tag="090" ind1=" " ind2=" "><marc:subfield code="a">675</marc:subfield></marc:datafield><marc:datafield tag="091" ind1=" " ind2=" "><marc:subfield code="a">1</marc:subfield><marc:subfield code="b">20180701</marc:subfield><marc:subfield code="c">0</marc:subfield></marc:datafield><marc:datafield tag="099" ind1=" " ind2=" "><marc:subfield code="t">DC</marc:subfield><marc:subfield code="c">2014-06-30</marc:subfield><marc:subfield code="d">2014-06-30</marc:subfield><marc:subfield code="x">2</marc:subfield></marc:datafield><marc:datafield tag="100" ind1=" " ind2=" "><marc:subfield code="a">19       1990    k  y0frey5003    ba</marc:subfield></marc:datafield><marc:datafield tag="101" ind1=" " ind2=" "><marc:subfield code="a">fre</marc:subfield></marc:datafield><marc:datafield tag="200" ind1=" " ind2=" "><marc:subfield code="a">Voix contrevoix</marc:subfield><marc:subfield code="b">Enr. sonore</marc:subfield><marc:subfield code="f">Mélusine</marc:subfield></marc:datafield><marc:datafield tag="210" ind1=" " ind2=" "><marc:subfield code="d">P 1990</marc:subfield></marc:datafield><marc:datafield tag="215" ind1=" " ind2=" "><marc:subfield code="a">1 d.c.</marc:subfield><marc:subfield code="e">1 brochure (n. p. ; 12 cm)</marc:subfield></marc:datafield><marc:datafield tag="327" ind1=" " ind2=" "><marc:subfield code="a">Nous sommes quatre compagnons</marc:subfield><marc:subfield code="a">La claire fontaine</marc:subfield><marc:subfield code="a">La peronnelle</marc:subfield><marc:subfield code="a">Je vois ici ensemble</marc:subfield><marc:subfield code="a">Le matin au point du jour</marc:subfield><marc:subfield code="a">Le meurtre dans le bois</marc:subfield><marc:subfield code="a">La surveille de mes noces</marc:subfield><marc:subfield code="a">Sommes nous des grenouilles?</marc:subfield><marc:subfield code="a">Les métamorphoses</marc:subfield><marc:subfield code="a">Le serpent verde</marc:subfield><marc:subfield code="a">Mon merle</marc:subfield><marc:subfield code="a">La brouette à Satan</marc:subfield><marc:subfield code="a">Le pommier miraculeux</marc:subfield><marc:subfield code="a">La foi de la loi</marc:subfield><marc:subfield code="a">La femme au sarrasin</marc:subfield><marc:subfield code="a">Les scieurs de long</marc:subfield><marc:subfield code="a">Le roi Renaud</marc:subfield><marc:subfield code="a">Le Saint-François</marc:subfield></marc:datafield><marc:datafield tag="339" ind1=" " ind2=" "><marc:subfield code="a">m</marc:subfield></marc:datafield><marc:datafield tag="606" ind1=" " ind2=" "><marc:subfield code="9">236170</marc:subfield><marc:subfield code="a">Chansons traditionnelles françaises</marc:subfield><marc:subfield code="x">Disques</marc:subfield></marc:datafield><marc:datafield tag="679" ind1=" " ind2=" "><marc:subfield code="a">090.1</marc:subfield></marc:datafield><marc:datafield tag="710" ind1="0" ind2=" "><marc:subfield code="9">122889</marc:subfield><marc:subfield code="a">Mélusine</marc:subfield></marc:datafield><marc:datafield tag="801" ind1=" " ind2="0"><marc:subfield code="a">FR</marc:subfield><marc:subfield code="b">595126101</marc:subfield><marc:subfield code="c">20070828</marc:subfield><marc:subfield code="g">AFNOR</marc:subfield></marc:datafield><marc:datafield tag="995" ind1=" " ind2=" "><marc:subfield code="0">0</marc:subfield><marc:subfield code="2">0</marc:subfield><marc:subfield code="3">0</marc:subfield><marc:subfield code="4">0</marc:subfield><marc:subfield code="5">2005-03-22</marc:subfield><marc:subfield code="9">803</marc:subfield><marc:subfield code="P">17.00</marc:subfield><marc:subfield code="b">MED</marc:subfield><marc:subfield code="c">MED</marc:subfield><marc:subfield code="e">MED3C</marc:subfield><marc:subfield code="f">C0001253101</marc:subfield><marc:subfield code="h">AMV80ZZ</marc:subfield><marc:subfield code="k">DC/099.2 MEL</marc:subfield><marc:subfield code="o">0</marc:subfield><marc:subfield code="p">17.00</marc:subfield><marc:subfield code="r">PRETSON</marc:subfield><marc:subfield code="s">DC_099_200000000000000_MEL</marc:subfield><marc:subfield code="w">35</marc:subfield><marc:subfield code="y">2015-09-08</marc:subfield><marc:subfield code="A">0</marc:subfield></marc:datafield></marc:record>