<marc:record><marc:leader>01645nj  a2200253   4500</marc:leader><marc:controlfield tag="001">677</marc:controlfield><marc:controlfield tag="003">http://www.mediathequederoubaix.fr/ark:/20179/KH677</marc:controlfield><marc:controlfield tag="005">20180701143345.0</marc:controlfield><marc:datafield tag="035" ind1="0" ind2="0"><marc:subfield code="a">HZ_RBX59387</marc:subfield></marc:datafield><marc:datafield tag="071" ind1="0" ind2=" "><marc:subfield code="a">CD 341</marc:subfield><marc:subfield code="b">Arhoolie</marc:subfield></marc:datafield><marc:datafield tag="090" ind1=" " ind2=" "><marc:subfield code="a">677</marc:subfield></marc:datafield><marc:datafield tag="091" ind1=" " ind2=" "><marc:subfield code="a">1</marc:subfield><marc:subfield code="b">20180701</marc:subfield><marc:subfield code="c">0</marc:subfield></marc:datafield><marc:datafield tag="099" ind1=" " ind2=" "><marc:subfield code="t">DC</marc:subfield><marc:subfield code="c">2014-06-30</marc:subfield><marc:subfield code="d">2014-06-30</marc:subfield><marc:subfield code="x">5</marc:subfield></marc:datafield><marc:datafield tag="100" ind1=" " ind2=" "><marc:subfield code="a">19       1991    k  y0frey5003    ba</marc:subfield></marc:datafield><marc:datafield tag="101" ind1=" " ind2=" "><marc:subfield code="a">fre</marc:subfield></marc:datafield><marc:datafield tag="200" ind1=" " ind2=" "><marc:subfield code="a">Tejano roots</marc:subfield><marc:subfield code="b">Enr .sonore</marc:subfield><marc:subfield code="f">Conjunto Bernal</marc:subfield><marc:subfield code="g">Narciso Martinez</marc:subfield><marc:subfield code="g">Lydia Mendoza...[et al.]</marc:subfield></marc:datafield><marc:datafield tag="210" ind1=" " ind2=" "><marc:subfield code="d">P 1991</marc:subfield></marc:datafield><marc:datafield tag="215" ind1=" " ind2=" "><marc:subfield code="a">1 d.c.</marc:subfield><marc:subfield code="e">1 Brochure</marc:subfield></marc:datafield><marc:datafield tag="327" ind1=" " ind2=" "><marc:subfield code="a">Mi unico camino / conjunto bernal</marc:subfield><marc:subfield code="a">La cuquita / Narciso Martinez</marc:subfield><marc:subfield code="a">Feliz sin ti / Lydia mendoza</marc:subfield><marc:subfield code="a">Cuatro o cinco / Tony de la rosa</marc:subfield><marc:subfield code="a">Ausencia / narciso Martinez</marc:subfield><marc:subfield code="a">Por tu ausencia / Carmen y Laura</marc:subfield><marc:subfield code="a">Mi pecosita / Beto villa y su orquesta</marc:subfield><marc:subfield code="a">Gregorio cortez / Jesus maya y timoteo cantu</marc:subfield><marc:subfield code="a">Un recuerdo quedo / Trio san antonio</marc:subfield><marc:subfield code="a">Tres consejos / Hermanas Mendoza</marc:subfield><marc:subfield code="a">La primavera / Juan lopez</marc:subfield><marc:subfield code="a">La tijerita / juan lopez</marc:subfield><marc:subfield code="a">Mujer Hermosa/ Valerio longoria</marc:subfield><marc:subfield code="a">Pensamiento / Conjunto bernal</marc:subfield><marc:subfield code="a">Quiereme vidita / Chelo silva</marc:subfield><marc:subfield code="a">Pachuca blues / Beto villa y su orquesta</marc:subfield><marc:subfield code="a">La novia antonia / Conjunto bernal</marc:subfield><marc:subfield code="a">Corina,corina / Freddie fender</marc:subfield><marc:subfield code="a">Que mala / Eddie con los shades</marc:subfield><marc:subfield code="a">Corazon del pueblo / Isidro lopez y su orquesta</marc:subfield><marc:subfield code="a">Porque me abondonas / Agapito zuniga</marc:subfield><marc:subfield code="a">Tu destino / Lydia mendoza</marc:subfield><marc:subfield code="a">Las nubes / Wally almendares</marc:subfield></marc:datafield><marc:datafield tag="339" ind1=" " ind2=" "><marc:subfield code="a">m</marc:subfield></marc:datafield><marc:datafield tag="606" ind1=" " ind2=" "><marc:subfield code="9">236174</marc:subfield><marc:subfield code="a">Musique traditionnelle</marc:subfield><marc:subfield code="y">Mexique</marc:subfield><marc:subfield code="x">Disques</marc:subfield></marc:datafield><marc:datafield tag="679" ind1=" " ind2=" "><marc:subfield code="a">055.1</marc:subfield></marc:datafield><marc:datafield tag="801" ind1=" " ind2="0"><marc:subfield code="a">FR</marc:subfield><marc:subfield code="b">595126101</marc:subfield><marc:subfield code="c">20070828</marc:subfield><marc:subfield code="g">AFNOR</marc:subfield></marc:datafield><marc:datafield tag="995" ind1=" " ind2=" "><marc:subfield code="0">0</marc:subfield><marc:subfield code="2">0</marc:subfield><marc:subfield code="4">0</marc:subfield><marc:subfield code="5">2005-03-22</marc:subfield><marc:subfield code="9">808</marc:subfield><marc:subfield code="P">18.00</marc:subfield><marc:subfield code="b">MED</marc:subfield><marc:subfield code="c">MED</marc:subfield><marc:subfield code="e">MED1A</marc:subfield><marc:subfield code="f">C0001377256</marc:subfield><marc:subfield code="h">AMV90ZZ</marc:subfield><marc:subfield code="k">DC/055.1 TEJ</marc:subfield><marc:subfield code="o">0</marc:subfield><marc:subfield code="p">18.00</marc:subfield><marc:subfield code="r">PRETSON</marc:subfield><marc:subfield code="s">DC_055_100000000000000_TEJ</marc:subfield><marc:subfield code="w">51</marc:subfield><marc:subfield code="y">2017-01-11</marc:subfield></marc:datafield></marc:record>