<marc:record><marc:leader>01322nam  2200337   4500</marc:leader><marc:controlfield tag="001">701</marc:controlfield><marc:controlfield tag="003">http://www.mediathequederoubaix.fr/ark:/20179/KH701</marc:controlfield><marc:datafield tag="010" ind1=" " ind2=" "><marc:subfield code="a">2-246-42533-6</marc:subfield></marc:datafield><marc:datafield tag="020" ind1=" " ind2=" "><marc:subfield code="a">FR</marc:subfield><marc:subfield code="b">09114553</marc:subfield></marc:datafield><marc:datafield tag="021" ind1=" " ind2=" "><marc:subfield code="a">FR</marc:subfield><marc:subfield code="b">DL 91-09063</marc:subfield></marc:datafield><marc:datafield tag="033" ind1=" " ind2=" "><marc:subfield code="a">http://catalogue.bnf.fr/ark:/12148/cb35416349k</marc:subfield></marc:datafield><marc:datafield tag="035" ind1=" " ind2=" "><marc:subfield code="a">FRBNF354163490000001</marc:subfield></marc:datafield><marc:datafield tag="039" ind1=" " ind2=" "><marc:subfield code="o">OPL</marc:subfield><marc:subfield code="a">012651684</marc:subfield></marc:datafield><marc:datafield tag="090" ind1=" " ind2=" "><marc:subfield code="a">701</marc:subfield></marc:datafield><marc:datafield tag="091" ind1=" " ind2=" "><marc:subfield code="b">20180701</marc:subfield><marc:subfield code="c">1</marc:subfield><marc:subfield code="a">2</marc:subfield></marc:datafield><marc:datafield tag="099" ind1=" " ind2=" "><marc:subfield code="t">LI</marc:subfield><marc:subfield code="c">2014-06-30</marc:subfield><marc:subfield code="d">2014-06-30</marc:subfield><marc:subfield code="x">2</marc:subfield></marc:datafield><marc:datafield tag="100" ind1=" " ind2=" "><marc:subfield code="a">19910517d1991    m  y0frey50      ba</marc:subfield></marc:datafield><marc:datafield tag="101" ind1="1" ind2=" "><marc:subfield code="a">fre</marc:subfield><marc:subfield code="c">ger</marc:subfield></marc:datafield><marc:datafield tag="102" ind1=" " ind2=" "><marc:subfield code="a">FR</marc:subfield></marc:datafield><marc:datafield tag="105" ind1=" " ind2=" "><marc:subfield code="a">||||z   00|a|</marc:subfield></marc:datafield><marc:datafield tag="106" ind1=" " ind2=" "><marc:subfield code="a">r</marc:subfield></marc:datafield><marc:datafield tag="200" ind1="1" ind2=" "><marc:subfield code="a">Stiller</marc:subfield><marc:subfield code="b">Texte imprimé</marc:subfield><marc:subfield code="e">roman</marc:subfield><marc:subfield code="f">Max Frisch</marc:subfield><marc:subfield code="g">trad. de l&apos;allemand par Éliane Kaufholz-Messmer</marc:subfield></marc:datafield><marc:datafield tag="210" ind1=" " ind2=" "><marc:subfield code="a">Paris</marc:subfield><marc:subfield code="c">B. Grasset</marc:subfield><marc:subfield code="d">1991</marc:subfield><marc:subfield code="e">27-Mesnil-sur-l&apos;Estrée</marc:subfield><marc:subfield code="g">Impr. Firmin-Didot</marc:subfield></marc:datafield><marc:datafield tag="215" ind1=" " ind2=" "><marc:subfield code="a">381 p.</marc:subfield><marc:subfield code="c">couv. ill. en coul.</marc:subfield><marc:subfield code="d">23 cm</marc:subfield></marc:datafield><marc:datafield tag="339" ind1=" " ind2=" "><marc:subfield code="a">m</marc:subfield></marc:datafield><marc:datafield tag="454" ind1=" " ind2="1"><marc:subfield code="t">Stiller</marc:subfield></marc:datafield><marc:datafield tag="686" ind1=" " ind2=" "><marc:subfield code="a">823</marc:subfield><marc:subfield code="2">Cadre de classement de la Bibliographie nationale française</marc:subfield></marc:datafield><marc:datafield tag="700" ind1=" " ind2=" "><marc:subfield code="3">11903643</marc:subfield><marc:subfield code="9">1102</marc:subfield><marc:subfield code="o">ISNI0000000121192206</marc:subfield><marc:subfield code="a">Frisch</marc:subfield><marc:subfield code="b">Max</marc:subfield><marc:subfield code="f">1911-1991</marc:subfield><marc:subfield code="4">070</marc:subfield></marc:datafield><marc:datafield tag="702" ind1=" " ind2=" "><marc:subfield code="3">11909493</marc:subfield><marc:subfield code="9">1103</marc:subfield><marc:subfield code="o">ISNI0000000079396220</marc:subfield><marc:subfield code="a">Kaufholz-Messmer</marc:subfield><marc:subfield code="b">Éliane</marc:subfield><marc:subfield code="4">730</marc:subfield></marc:datafield><marc:datafield tag="801" ind1=" " ind2="0"><marc:subfield code="a">FR</marc:subfield><marc:subfield code="b">FR-751131015</marc:subfield><marc:subfield code="c">19910517</marc:subfield><marc:subfield code="g">AFNOR</marc:subfield><marc:subfield code="h">FRBNF354163490000001</marc:subfield><marc:subfield code="2">intermrc</marc:subfield></marc:datafield><marc:datafield tag="995" ind1=" " ind2=" "><marc:subfield code="0">0</marc:subfield><marc:subfield code="2">0</marc:subfield><marc:subfield code="4">0</marc:subfield><marc:subfield code="5">2005-03-22</marc:subfield><marc:subfield code="9">833</marc:subfield><marc:subfield code="P">19.10</marc:subfield><marc:subfield code="b">MED</marc:subfield><marc:subfield code="c">MED</marc:subfield><marc:subfield code="e">MED1A</marc:subfield><marc:subfield code="f">C0001150989</marc:subfield><marc:subfield code="h">ALTROZZ</marc:subfield><marc:subfield code="k">R/FRI</marc:subfield><marc:subfield code="o">0</marc:subfield><marc:subfield code="p">19.10</marc:subfield><marc:subfield code="r">PRETLIV</marc:subfield><marc:subfield code="s">RFRI</marc:subfield><marc:subfield code="w">7</marc:subfield><marc:subfield code="y">2018-02-22</marc:subfield></marc:datafield></marc:record>