<marc:record><marc:leader>01579cam  2200361   4500</marc:leader><marc:controlfield tag="001">732</marc:controlfield><marc:controlfield tag="003">http://www.mediathequederoubaix.fr/ark:/20179/KH732</marc:controlfield><marc:datafield tag="010" ind1=" " ind2=" "><marc:subfield code="a">2-7144-2733-2</marc:subfield><marc:subfield code="d">17.53 EUR.</marc:subfield></marc:datafield><marc:datafield tag="020" ind1=" " ind2=" "><marc:subfield code="a">FR</marc:subfield><marc:subfield code="b">09130646</marc:subfield></marc:datafield><marc:datafield tag="021" ind1=" " ind2=" "><marc:subfield code="a">FR</marc:subfield><marc:subfield code="b">DL 91-29117</marc:subfield></marc:datafield><marc:datafield tag="033" ind1=" " ind2=" "><marc:subfield code="a">http://catalogue.bnf.fr/ark:/12148/cb35476017c</marc:subfield></marc:datafield><marc:datafield tag="035" ind1=" " ind2=" "><marc:subfield code="a">FRBNF354760170000003</marc:subfield></marc:datafield><marc:datafield tag="039" ind1=" " ind2=" "><marc:subfield code="o">OPL</marc:subfield><marc:subfield code="a">013476825</marc:subfield></marc:datafield><marc:datafield tag="090" ind1=" " ind2=" "><marc:subfield code="a">732</marc:subfield></marc:datafield><marc:datafield tag="091" ind1=" " ind2=" "><marc:subfield code="b">20180701</marc:subfield><marc:subfield code="c">1</marc:subfield><marc:subfield code="a">2</marc:subfield></marc:datafield><marc:datafield tag="099" ind1=" " ind2=" "><marc:subfield code="t">LI</marc:subfield><marc:subfield code="c">2014-06-30</marc:subfield><marc:subfield code="d">2014-06-30</marc:subfield><marc:subfield code="x">0</marc:subfield></marc:datafield><marc:datafield tag="100" ind1=" " ind2=" "><marc:subfield code="a">19911029d1991    m  y0frey50      ba</marc:subfield></marc:datafield><marc:datafield tag="101" ind1="1" ind2=" "><marc:subfield code="a">fre</marc:subfield><marc:subfield code="c">eng</marc:subfield></marc:datafield><marc:datafield tag="102" ind1=" " ind2=" "><marc:subfield code="a">FR</marc:subfield></marc:datafield><marc:datafield tag="105" ind1=" " ind2=" "><marc:subfield code="a">||||z   00|a|</marc:subfield></marc:datafield><marc:datafield tag="106" ind1=" " ind2=" "><marc:subfield code="a">r</marc:subfield></marc:datafield><marc:datafield tag="200" ind1="1" ind2=" "><marc:subfield code="a">Fragments du paradis</marc:subfield><marc:subfield code="b">Texte imprimé</marc:subfield><marc:subfield code="e">nouvelles</marc:subfield><marc:subfield code="f">Francis Scott Fitzgerald</marc:subfield><marc:subfield code="g">trad. de l&apos;américain par Jacques Tournier</marc:subfield><marc:subfield code="g">préf. de Scottie Fitzgerald Smith</marc:subfield></marc:datafield><marc:datafield tag="210" ind1=" " ind2=" "><marc:subfield code="a">Paris</marc:subfield><marc:subfield code="c">P. Belfond</marc:subfield><marc:subfield code="d">1991</marc:subfield><marc:subfield code="e">27-Mesnil-sur-l&apos;Éstrée</marc:subfield><marc:subfield code="g">Impr. Firmin-Didot</marc:subfield></marc:datafield><marc:datafield tag="215" ind1=" " ind2=" "><marc:subfield code="a">437 p.</marc:subfield><marc:subfield code="d">23 cm</marc:subfield></marc:datafield><marc:datafield tag="300" ind1=" " ind2=" "><marc:subfield code="a">Onze des seize nouvelles sont traduites de : &quot;Bits of paradise&quot;</marc:subfield></marc:datafield><marc:datafield tag="339" ind1=" " ind2=" "><marc:subfield code="a">m</marc:subfield></marc:datafield><marc:datafield tag="676" ind1=" " ind2=" "><marc:subfield code="a">813.52</marc:subfield><marc:subfield code="v">22</marc:subfield></marc:datafield><marc:datafield tag="686" ind1=" " ind2=" "><marc:subfield code="a">823</marc:subfield><marc:subfield code="2">Cadre de classement de la Bibliographie nationale française</marc:subfield></marc:datafield><marc:datafield tag="700" ind1=" " ind2=" "><marc:subfield code="3">11902848</marc:subfield><marc:subfield code="9">1125</marc:subfield><marc:subfield code="o">ISNI0000000121033942</marc:subfield><marc:subfield code="a">Fitzgerald</marc:subfield><marc:subfield code="b">Francis Scott</marc:subfield><marc:subfield code="f">1896-1940</marc:subfield><marc:subfield code="4">070</marc:subfield></marc:datafield><marc:datafield tag="702" ind1=" " ind2=" "><marc:subfield code="3">11926935</marc:subfield><marc:subfield code="9">1126</marc:subfield><marc:subfield code="o">ISNI0000000116106772</marc:subfield><marc:subfield code="a">Tournier</marc:subfield><marc:subfield code="b">Jacques</marc:subfield><marc:subfield code="f">1922-....</marc:subfield><marc:subfield code="4">730</marc:subfield></marc:datafield><marc:datafield tag="702" ind1=" " ind2=" "><marc:subfield code="3">11925043</marc:subfield><marc:subfield code="9">272988</marc:subfield><marc:subfield code="o">ISNI0000000116865808</marc:subfield><marc:subfield code="a">Smith</marc:subfield><marc:subfield code="b">Scottie Fitzgerald</marc:subfield><marc:subfield code="f">1921-1986</marc:subfield><marc:subfield code="4">080</marc:subfield></marc:datafield><marc:datafield tag="801" ind1=" " ind2="0"><marc:subfield code="a">FR</marc:subfield><marc:subfield code="b">FR-751131015</marc:subfield><marc:subfield code="c">19911029</marc:subfield><marc:subfield code="g">AFNOR</marc:subfield><marc:subfield code="h">FRBNF354760170000003</marc:subfield><marc:subfield code="2">intermrc</marc:subfield></marc:datafield><marc:datafield tag="995" ind1=" " ind2=" "><marc:subfield code="0">1</marc:subfield><marc:subfield code="2">0</marc:subfield><marc:subfield code="4">0</marc:subfield><marc:subfield code="5">2005-03-22</marc:subfield><marc:subfield code="9">866</marc:subfield><marc:subfield code="P">17.53</marc:subfield><marc:subfield code="b">MED</marc:subfield><marc:subfield code="c">MED</marc:subfield><marc:subfield code="e">MED1A</marc:subfield><marc:subfield code="f">C0001155002</marc:subfield><marc:subfield code="h">ALTTCNV</marc:subfield><marc:subfield code="k">NVL/FIT</marc:subfield><marc:subfield code="o">4</marc:subfield><marc:subfield code="p">17.53</marc:subfield><marc:subfield code="r">PRETLIV</marc:subfield><marc:subfield code="s">NVL_FIT</marc:subfield><marc:subfield code="w">20</marc:subfield><marc:subfield code="y">2018-07-31</marc:subfield></marc:datafield></marc:record>