<marc:record><marc:leader>01695nam  2200397   4500</marc:leader><marc:controlfield tag="001">744</marc:controlfield><marc:controlfield tag="003">http://www.mediathequederoubaix.fr/ark:/20179/KH744</marc:controlfield><marc:datafield tag="010" ind1=" " ind2=" "><marc:subfield code="a">2-07-070749-0</marc:subfield><marc:subfield code="d">6.10 EUR.</marc:subfield></marc:datafield><marc:datafield tag="020" ind1=" " ind2=" "><marc:subfield code="a">FR</marc:subfield><marc:subfield code="b">08711142</marc:subfield></marc:datafield><marc:datafield tag="021" ind1=" " ind2=" "><marc:subfield code="a">FR</marc:subfield><marc:subfield code="b">DL 86-36458</marc:subfield></marc:datafield><marc:datafield tag="033" ind1=" " ind2=" "><marc:subfield code="a">http://catalogue.bnf.fr/ark:/12148/cb34900716s</marc:subfield></marc:datafield><marc:datafield tag="035" ind1=" " ind2=" "><marc:subfield code="a">FRBNF349007160000003</marc:subfield></marc:datafield><marc:datafield tag="039" ind1=" " ind2=" "><marc:subfield code="o">OPL</marc:subfield><marc:subfield code="a">005336072</marc:subfield></marc:datafield><marc:datafield tag="090" ind1=" " ind2=" "><marc:subfield code="a">744</marc:subfield></marc:datafield><marc:datafield tag="091" ind1=" " ind2=" "><marc:subfield code="b">20180701</marc:subfield><marc:subfield code="c">1</marc:subfield><marc:subfield code="a">2</marc:subfield></marc:datafield><marc:datafield tag="099" ind1=" " ind2=" "><marc:subfield code="t">LI</marc:subfield><marc:subfield code="c">2014-06-30</marc:subfield><marc:subfield code="d">2014-06-30</marc:subfield><marc:subfield code="x">1</marc:subfield></marc:datafield><marc:datafield tag="100" ind1=" " ind2=" "><marc:subfield code="a">19840420d1986    m  y0frey50      ba</marc:subfield></marc:datafield><marc:datafield tag="101" ind1="1" ind2=" "><marc:subfield code="a">fre</marc:subfield><marc:subfield code="c">eng</marc:subfield></marc:datafield><marc:datafield tag="102" ind1=" " ind2=" "><marc:subfield code="a">FR</marc:subfield></marc:datafield><marc:datafield tag="105" ind1=" " ind2=" "><marc:subfield code="a">||||z   00|a|</marc:subfield></marc:datafield><marc:datafield tag="106" ind1=" " ind2=" "><marc:subfield code="a">r</marc:subfield></marc:datafield><marc:datafield tag="200" ind1="1" ind2=" "><marc:subfield code="a">L&apos;Enfant de la fièvre</marc:subfield><marc:subfield code="b">Texte imprimé</marc:subfield><marc:subfield code="e">[nouvelles]</marc:subfield><marc:subfield code="f">Shelby Foote</marc:subfield><marc:subfield code="g">trad. de l&apos;anglais par Maurice-Edgar Coindreau et Claude Richard</marc:subfield><marc:subfield code="g">préf. de Michel Gresset</marc:subfield></marc:datafield><marc:datafield tag="210" ind1=" " ind2=" "><marc:subfield code="a">[Paris]</marc:subfield><marc:subfield code="c">Gallimard</marc:subfield><marc:subfield code="d">1986</marc:subfield><marc:subfield code="e">18-Saint-Amand</marc:subfield><marc:subfield code="g">Impr. SEPC</marc:subfield></marc:datafield><marc:datafield tag="215" ind1=" " ind2=" "><marc:subfield code="a">361 p.</marc:subfield><marc:subfield code="d">19 cm</marc:subfield></marc:datafield><marc:datafield tag="225" ind1=" " ind2=" "><marc:subfield code="a">Collection l&apos;Imaginaire</marc:subfield><marc:subfield code="x">0151-7090</marc:subfield><marc:subfield code="v">174</marc:subfield></marc:datafield><marc:datafield tag="339" ind1=" " ind2=" "><marc:subfield code="a">m</marc:subfield></marc:datafield><marc:datafield tag="410" ind1=" " ind2="0"><marc:subfield code="0">34226014</marc:subfield><marc:subfield code="t">Collection L&apos;Imaginaire</marc:subfield><marc:subfield code="x">0151-7090</marc:subfield><marc:subfield code="v">174</marc:subfield></marc:datafield><marc:datafield tag="454" ind1=" " ind2="1"><marc:subfield code="t">Jordan county</marc:subfield></marc:datafield><marc:datafield tag="676" ind1=" " ind2=" "><marc:subfield code="a">813.5</marc:subfield><marc:subfield code="v">22</marc:subfield></marc:datafield><marc:datafield tag="686" ind1=" " ind2=" "><marc:subfield code="a">82 </marc:subfield><marc:subfield code="2">Cadre de classement de la Bibliographie nationale française</marc:subfield></marc:datafield><marc:datafield tag="700" ind1=" " ind2=" "><marc:subfield code="3">11903086</marc:subfield><marc:subfield code="9">1145</marc:subfield><marc:subfield code="o">ISNI0000000122816367</marc:subfield><marc:subfield code="a">Foote</marc:subfield><marc:subfield code="b">Shelby</marc:subfield><marc:subfield code="f">1916-2005</marc:subfield><marc:subfield code="4">070</marc:subfield></marc:datafield><marc:datafield tag="702" ind1=" " ind2=" "><marc:subfield code="3">11905882</marc:subfield><marc:subfield code="9">949</marc:subfield><marc:subfield code="o">ISNI0000000084013394</marc:subfield><marc:subfield code="a">Gresset</marc:subfield><marc:subfield code="b">Michel</marc:subfield><marc:subfield code="f">1938-2005</marc:subfield><marc:subfield code="4">570</marc:subfield></marc:datafield><marc:datafield tag="702" ind1=" " ind2=" "><marc:subfield code="3">11921837</marc:subfield><marc:subfield code="9">1146</marc:subfield><marc:subfield code="o">ISNI0000000000913660</marc:subfield><marc:subfield code="a">Richard</marc:subfield><marc:subfield code="b">Claude</marc:subfield><marc:subfield code="f">1934-1988</marc:subfield><marc:subfield code="4">570</marc:subfield></marc:datafield><marc:datafield tag="702" ind1=" " ind2=" "><marc:subfield code="3">11897220</marc:subfield><marc:subfield code="9">955</marc:subfield><marc:subfield code="o">ISNI0000000121339802</marc:subfield><marc:subfield code="a">Coindreau</marc:subfield><marc:subfield code="b">Maurice Edgar</marc:subfield><marc:subfield code="f">1892-1990</marc:subfield><marc:subfield code="4">570</marc:subfield></marc:datafield><marc:datafield tag="801" ind1=" " ind2="0"><marc:subfield code="a">FR</marc:subfield><marc:subfield code="b">FR-751131015</marc:subfield><marc:subfield code="c">19840420</marc:subfield><marc:subfield code="g">AFNOR</marc:subfield><marc:subfield code="h">FRBNF349007160000003</marc:subfield><marc:subfield code="2">intermrc</marc:subfield></marc:datafield><marc:datafield tag="995" ind1=" " ind2=" "><marc:subfield code="0">0</marc:subfield><marc:subfield code="2">0</marc:subfield><marc:subfield code="4">0</marc:subfield><marc:subfield code="5">2005-03-22</marc:subfield><marc:subfield code="9">879</marc:subfield><marc:subfield code="P">6.10</marc:subfield><marc:subfield code="b">MED</marc:subfield><marc:subfield code="c">MED</marc:subfield><marc:subfield code="e">MED1A</marc:subfield><marc:subfield code="f">C0001154909</marc:subfield><marc:subfield code="h">ALTROZZ</marc:subfield><marc:subfield code="k">R/FOO</marc:subfield><marc:subfield code="o">0</marc:subfield><marc:subfield code="p">6.10</marc:subfield><marc:subfield code="r">PRETLIV</marc:subfield><marc:subfield code="s">RFOO</marc:subfield><marc:subfield code="w">4</marc:subfield><marc:subfield code="y">2016-08-03</marc:subfield></marc:datafield></marc:record>