<marc:record><marc:leader>01685nam  2200397   4500</marc:leader><marc:controlfield tag="001">747</marc:controlfield><marc:controlfield tag="003">http://www.mediathequederoubaix.fr/ark:/20179/KH747</marc:controlfield><marc:datafield tag="010" ind1=" " ind2=" "><marc:subfield code="a">2-85940-126-1</marc:subfield><marc:subfield code="d">18.14 EUR.</marc:subfield></marc:datafield><marc:datafield tag="020" ind1=" " ind2=" "><marc:subfield code="a">FR</marc:subfield><marc:subfield code="b">08927006</marc:subfield></marc:datafield><marc:datafield tag="021" ind1=" " ind2=" "><marc:subfield code="a">FR</marc:subfield><marc:subfield code="b">DL 89-13648</marc:subfield></marc:datafield><marc:datafield tag="033" ind1=" " ind2=" "><marc:subfield code="a">http://catalogue.bnf.fr/ark:/12148/cb35026408s</marc:subfield></marc:datafield><marc:datafield tag="035" ind1=" " ind2=" "><marc:subfield code="a">FRBNF350264080000007</marc:subfield></marc:datafield><marc:datafield tag="039" ind1=" " ind2=" "><marc:subfield code="o">OPL</marc:subfield><marc:subfield code="a">007123831</marc:subfield></marc:datafield><marc:datafield tag="090" ind1=" " ind2=" "><marc:subfield code="a">747</marc:subfield></marc:datafield><marc:datafield tag="091" ind1=" " ind2=" "><marc:subfield code="b">20180701</marc:subfield><marc:subfield code="c">1</marc:subfield><marc:subfield code="a">2</marc:subfield></marc:datafield><marc:datafield tag="099" ind1=" " ind2=" "><marc:subfield code="t">LI</marc:subfield><marc:subfield code="c">2014-06-30</marc:subfield><marc:subfield code="d">2014-06-30</marc:subfield><marc:subfield code="x">1</marc:subfield></marc:datafield><marc:datafield tag="100" ind1=" " ind2=" "><marc:subfield code="a">19890822d1989    m  y0frey50      ba</marc:subfield></marc:datafield><marc:datafield tag="101" ind1="0" ind2=" "><marc:subfield code="a">fre</marc:subfield></marc:datafield><marc:datafield tag="102" ind1=" " ind2=" "><marc:subfield code="a">FR</marc:subfield></marc:datafield><marc:datafield tag="105" ind1=" " ind2=" "><marc:subfield code="a">||||z   00|a|</marc:subfield></marc:datafield><marc:datafield tag="106" ind1=" " ind2=" "><marc:subfield code="a">r</marc:subfield></marc:datafield><marc:datafield tag="200" ind1="1" ind2=" "><marc:subfield code="a">Retour à bon port</marc:subfield><marc:subfield code="b">Texte imprimé</marc:subfield><marc:subfield code="e">roman</marc:subfield><marc:subfield code="f">C.S. Forester</marc:subfield><marc:subfield code="g">trad. par Louis Guilloux et René Robert</marc:subfield><marc:subfield code="g">préf. de Michel Le Bris</marc:subfield></marc:datafield><marc:datafield tag="210" ind1=" " ind2=" "><marc:subfield code="a">Paris</marc:subfield><marc:subfield code="c">Phébus</marc:subfield><marc:subfield code="d">1989</marc:subfield><marc:subfield code="e">53-Mayenne</marc:subfield><marc:subfield code="g">Impr. Floch</marc:subfield></marc:datafield><marc:datafield tag="215" ind1=" " ind2=" "><marc:subfield code="a">283 p.</marc:subfield><marc:subfield code="c">couv. ill. en coul.</marc:subfield><marc:subfield code="d">21 cm</marc:subfield></marc:datafield><marc:datafield tag="225" ind1="1" ind2="9"><marc:subfield code="a">Capitaine Hornblower.</marc:subfield><marc:subfield code="v">[1]</marc:subfield></marc:datafield><marc:datafield tag="225" ind1=" " ind2=" "><marc:subfield code="a">Domaine romanesque</marc:subfield><marc:subfield code="x">0768-9535</marc:subfield></marc:datafield><marc:datafield tag="339" ind1=" " ind2=" "><marc:subfield code="a">m</marc:subfield></marc:datafield><marc:datafield tag="410" ind1=" " ind2="0"><marc:subfield code="0">34234876</marc:subfield><marc:subfield code="t">Domaine romanesque (Paris. 1985)</marc:subfield><marc:subfield code="x">0768-9535</marc:subfield><marc:subfield code="d">1989</marc:subfield></marc:datafield><marc:datafield tag="454" ind1=" " ind2="1"><marc:subfield code="t">The Happy return</marc:subfield></marc:datafield><marc:datafield tag="686" ind1=" " ind2=" "><marc:subfield code="a">823</marc:subfield><marc:subfield code="2">Cadre de classement de la Bibliographie nationale française</marc:subfield></marc:datafield><marc:datafield tag="700" ind1=" " ind2=" "><marc:subfield code="3">11903105</marc:subfield><marc:subfield code="9">1045</marc:subfield><marc:subfield code="o">ISNI0000000108023109</marc:subfield><marc:subfield code="a">Forester</marc:subfield><marc:subfield code="b">Cecil Scott</marc:subfield><marc:subfield code="f">1899-1966</marc:subfield><marc:subfield code="4">070</marc:subfield></marc:datafield><marc:datafield tag="702" ind1=" " ind2=" "><marc:subfield code="3">11906466</marc:subfield><marc:subfield code="9">1149</marc:subfield><marc:subfield code="o">ISNI0000000121475871</marc:subfield><marc:subfield code="a">Guilloux</marc:subfield><marc:subfield code="b">Louis</marc:subfield><marc:subfield code="f">1899-1980</marc:subfield><marc:subfield code="4">730</marc:subfield></marc:datafield><marc:datafield tag="702" ind1=" " ind2=" "><marc:subfield code="3">11911539</marc:subfield><marc:subfield code="9">886</marc:subfield><marc:subfield code="o">ISNI0000000122822214</marc:subfield><marc:subfield code="a">Le Bris</marc:subfield><marc:subfield code="b">Michel</marc:subfield><marc:subfield code="f">1944-....</marc:subfield><marc:subfield code="4">080</marc:subfield></marc:datafield><marc:datafield tag="702" ind1=" " ind2=" "><marc:subfield code="3">12124242</marc:subfield><marc:subfield code="9">272989</marc:subfield><marc:subfield code="a">Robert</marc:subfield><marc:subfield code="b">René</marc:subfield><marc:subfield code="f">19..-....</marc:subfield><marc:subfield code="c">traducteur</marc:subfield><marc:subfield code="4">730</marc:subfield></marc:datafield><marc:datafield tag="801" ind1=" " ind2="0"><marc:subfield code="a">FR</marc:subfield><marc:subfield code="b">FR-751131015</marc:subfield><marc:subfield code="c">19890822</marc:subfield><marc:subfield code="g">AFNOR</marc:subfield><marc:subfield code="h">FRBNF350264080000007</marc:subfield><marc:subfield code="2">intermrc</marc:subfield></marc:datafield><marc:datafield tag="995" ind1=" " ind2=" "><marc:subfield code="0">0</marc:subfield><marc:subfield code="2">0</marc:subfield><marc:subfield code="4">0</marc:subfield><marc:subfield code="5">2005-03-22</marc:subfield><marc:subfield code="9">882</marc:subfield><marc:subfield code="P">18.14</marc:subfield><marc:subfield code="b">MED</marc:subfield><marc:subfield code="c">MED</marc:subfield><marc:subfield code="e">MED1A</marc:subfield><marc:subfield code="f">C0001155264</marc:subfield><marc:subfield code="h">ALTROZZ</marc:subfield><marc:subfield code="k">R/FOR</marc:subfield><marc:subfield code="o">0</marc:subfield><marc:subfield code="p">18.14</marc:subfield><marc:subfield code="r">PRETLIV</marc:subfield><marc:subfield code="s">RFOR</marc:subfield><marc:subfield code="w">11</marc:subfield><marc:subfield code="y">2016-08-03</marc:subfield></marc:datafield></marc:record>