<marc:record><marc:leader>01701cam  2200397   4500</marc:leader><marc:controlfield tag="001">749</marc:controlfield><marc:controlfield tag="003">http://www.mediathequederoubaix.fr/ark:/20179/KH749</marc:controlfield><marc:datafield tag="010" ind1=" " ind2=" "><marc:subfield code="a">2-01-006503-4</marc:subfield><marc:subfield code="d">7.47 EUR.</marc:subfield></marc:datafield><marc:datafield tag="020" ind1=" " ind2=" "><marc:subfield code="a">FR</marc:subfield><marc:subfield code="b">08105588</marc:subfield></marc:datafield><marc:datafield tag="021" ind1=" " ind2=" "><marc:subfield code="a">FR</marc:subfield><marc:subfield code="b">DL 81-03163</marc:subfield></marc:datafield><marc:datafield tag="033" ind1=" " ind2=" "><marc:subfield code="a">http://catalogue.bnf.fr/ark:/12148/cb346794658</marc:subfield></marc:datafield><marc:datafield tag="035" ind1=" " ind2=" "><marc:subfield code="a">FRBNF34679465000000X</marc:subfield></marc:datafield><marc:datafield tag="039" ind1=" " ind2=" "><marc:subfield code="o">OPL</marc:subfield><marc:subfield code="a">00148304X</marc:subfield></marc:datafield><marc:datafield tag="090" ind1=" " ind2=" "><marc:subfield code="a">749</marc:subfield></marc:datafield><marc:datafield tag="091" ind1=" " ind2=" "><marc:subfield code="b">20180701</marc:subfield><marc:subfield code="c">1</marc:subfield><marc:subfield code="a">2</marc:subfield></marc:datafield><marc:datafield tag="099" ind1=" " ind2=" "><marc:subfield code="t">LI</marc:subfield><marc:subfield code="c">2014-06-30</marc:subfield><marc:subfield code="d">2014-06-30</marc:subfield><marc:subfield code="x">0</marc:subfield></marc:datafield><marc:datafield tag="100" ind1=" " ind2=" "><marc:subfield code="a">19810313d1981    m  y0frey50      ba</marc:subfield></marc:datafield><marc:datafield tag="101" ind1="1" ind2=" "><marc:subfield code="a">fre</marc:subfield><marc:subfield code="c">ger</marc:subfield></marc:datafield><marc:datafield tag="102" ind1=" " ind2=" "><marc:subfield code="a">FR</marc:subfield></marc:datafield><marc:datafield tag="105" ind1=" " ind2=" "><marc:subfield code="a">||||z   00|a|</marc:subfield></marc:datafield><marc:datafield tag="106" ind1=" " ind2=" "><marc:subfield code="a">r</marc:subfield></marc:datafield><marc:datafield tag="200" ind1="1" ind2=" "><marc:subfield code="a">Le Stechlin</marc:subfield><marc:subfield code="b">Texte imprimé</marc:subfield><marc:subfield code="f">Theodor Fontane</marc:subfield><marc:subfield code="g">édition établie par Walter Keitel et Helmuth Nürnberger ; traduit par Jacques Legrand</marc:subfield></marc:datafield><marc:datafield tag="210" ind1=" " ind2=" "><marc:subfield code="a">[Paris]</marc:subfield><marc:subfield code="c">Hachette</marc:subfield><marc:subfield code="d">1981</marc:subfield><marc:subfield code="e">64-Biarritz</marc:subfield><marc:subfield code="g">impr. C. Del Duca</marc:subfield></marc:datafield><marc:datafield tag="215" ind1=" " ind2=" "><marc:subfield code="a">418 p.</marc:subfield><marc:subfield code="d">21 cm</marc:subfield></marc:datafield><marc:datafield tag="225" ind1=" " ind2=" "><marc:subfield code="a">POL</marc:subfield><marc:subfield code="i">Bibliothèque allemande</marc:subfield><marc:subfield code="x">0184-1866</marc:subfield></marc:datafield><marc:datafield tag="339" ind1=" " ind2=" "><marc:subfield code="a">m</marc:subfield></marc:datafield><marc:datafield tag="410" ind1=" " ind2="0"><marc:subfield code="0">34226984</marc:subfield><marc:subfield code="t">Bibliothèque allemande</marc:subfield><marc:subfield code="x">0184-1866</marc:subfield><marc:subfield code="v">10</marc:subfield></marc:datafield><marc:datafield tag="454" ind1=" " ind2="1"><marc:subfield code="t">Der Stechlin</marc:subfield></marc:datafield><marc:datafield tag="676" ind1=" " ind2=" "><marc:subfield code="a">833.8</marc:subfield><marc:subfield code="v">22</marc:subfield></marc:datafield><marc:datafield tag="686" ind1=" " ind2=" "><marc:subfield code="a">83 </marc:subfield><marc:subfield code="2">Cadre de classement de la Bibliographie nationale française</marc:subfield></marc:datafield><marc:datafield tag="700" ind1=" " ind2=" "><marc:subfield code="3">11903061</marc:subfield><marc:subfield code="9">1147</marc:subfield><marc:subfield code="o">ISNI0000000121296195</marc:subfield><marc:subfield code="a">Fontane</marc:subfield><marc:subfield code="b">Theodor</marc:subfield><marc:subfield code="f">1819-1898</marc:subfield><marc:subfield code="4">070</marc:subfield></marc:datafield><marc:datafield tag="702" ind1=" " ind2=" "><marc:subfield code="3">11912202</marc:subfield><marc:subfield code="9">1152</marc:subfield><marc:subfield code="o">ISNI0000000078277932</marc:subfield><marc:subfield code="a">Legrand</marc:subfield><marc:subfield code="b">Jacques</marc:subfield><marc:subfield code="f">1922-....</marc:subfield><marc:subfield code="4">570</marc:subfield></marc:datafield><marc:datafield tag="702" ind1=" " ind2=" "><marc:subfield code="3">12548883</marc:subfield><marc:subfield code="9">272990</marc:subfield><marc:subfield code="o">ISNI0000000116621264</marc:subfield><marc:subfield code="a">Keitel</marc:subfield><marc:subfield code="b">Walter</marc:subfield><marc:subfield code="4">340</marc:subfield></marc:datafield><marc:datafield tag="702" ind1=" " ind2=" "><marc:subfield code="3">12447039</marc:subfield><marc:subfield code="9">272991</marc:subfield><marc:subfield code="o">ISNI0000000374330937</marc:subfield><marc:subfield code="a">Nürnberger</marc:subfield><marc:subfield code="b">Helmuth</marc:subfield><marc:subfield code="f">1930-....</marc:subfield><marc:subfield code="4">340</marc:subfield></marc:datafield><marc:datafield tag="801" ind1=" " ind2="0"><marc:subfield code="a">FR</marc:subfield><marc:subfield code="b">FR-751131015</marc:subfield><marc:subfield code="c">19810313</marc:subfield><marc:subfield code="g">AFNOR</marc:subfield><marc:subfield code="h">FRBNF34679465000000X</marc:subfield><marc:subfield code="2">intermrc</marc:subfield></marc:datafield><marc:datafield tag="995" ind1=" " ind2=" "><marc:subfield code="0">0</marc:subfield><marc:subfield code="2">0</marc:subfield><marc:subfield code="4">0</marc:subfield><marc:subfield code="5">2005-03-22</marc:subfield><marc:subfield code="9">884</marc:subfield><marc:subfield code="P">7.47</marc:subfield><marc:subfield code="b">MED</marc:subfield><marc:subfield code="c">MED</marc:subfield><marc:subfield code="e">MED3E</marc:subfield><marc:subfield code="f">C0001156503</marc:subfield><marc:subfield code="h">AZZMAZZ</marc:subfield><marc:subfield code="k">Mag. in-8/44 512</marc:subfield><marc:subfield code="o">0</marc:subfield><marc:subfield code="p">7.47</marc:subfield><marc:subfield code="r">PRETLIV</marc:subfield><marc:subfield code="s">MAG___IN844_512_00000000000000</marc:subfield><marc:subfield code="y">2014-06-30</marc:subfield></marc:datafield></marc:record>