<marc:record><marc:leader>01426cam  2200349   4500</marc:leader><marc:controlfield tag="001">781</marc:controlfield><marc:controlfield tag="003">http://www.mediathequederoubaix.fr/ark:/20179/KH781</marc:controlfield><marc:datafield tag="010" ind1=" " ind2=" "><marc:subfield code="a">2-07-033127-X</marc:subfield></marc:datafield><marc:datafield tag="020" ind1=" " ind2=" "><marc:subfield code="a">FR</marc:subfield><marc:subfield code="b">08119076</marc:subfield></marc:datafield><marc:datafield tag="021" ind1=" " ind2=" "><marc:subfield code="a">FR</marc:subfield><marc:subfield code="b">DL 80-08883</marc:subfield></marc:datafield><marc:datafield tag="033" ind1=" " ind2=" "><marc:subfield code="a">http://catalogue.bnf.fr/ark:/12148/cb346620251</marc:subfield></marc:datafield><marc:datafield tag="035" ind1=" " ind2=" "><marc:subfield code="a">FRBNF346620250000007</marc:subfield></marc:datafield><marc:datafield tag="039" ind1=" " ind2=" "><marc:subfield code="o">OPL</marc:subfield><marc:subfield code="a">001275907</marc:subfield></marc:datafield><marc:datafield tag="090" ind1=" " ind2=" "><marc:subfield code="a">781</marc:subfield></marc:datafield><marc:datafield tag="091" ind1=" " ind2=" "><marc:subfield code="b">20180701</marc:subfield><marc:subfield code="c">1</marc:subfield><marc:subfield code="a">2</marc:subfield></marc:datafield><marc:datafield tag="099" ind1=" " ind2=" "><marc:subfield code="t">LI</marc:subfield><marc:subfield code="c">2014-06-30</marc:subfield><marc:subfield code="d">2014-06-30</marc:subfield><marc:subfield code="x">0</marc:subfield></marc:datafield><marc:datafield tag="100" ind1=" " ind2=" "><marc:subfield code="a">19811104d1980    a  y0frey50      ba</marc:subfield></marc:datafield><marc:datafield tag="101" ind1="0" ind2=" "><marc:subfield code="a">fre</marc:subfield></marc:datafield><marc:datafield tag="102" ind1=" " ind2=" "><marc:subfield code="a">FR</marc:subfield></marc:datafield><marc:datafield tag="105" ind1=" " ind2=" "><marc:subfield code="a">a   z   00|a|</marc:subfield></marc:datafield><marc:datafield tag="106" ind1=" " ind2=" "><marc:subfield code="a">r</marc:subfield></marc:datafield><marc:datafield tag="200" ind1="1" ind2=" "><marc:subfield code="a">L&apos;Auberge de l&apos;Ange-Gardien</marc:subfield><marc:subfield code="b">Texte imprimé</marc:subfield><marc:subfield code="f">comtesse de Ségur</marc:subfield><marc:subfield code="g">illustrations de Foulquier</marc:subfield></marc:datafield><marc:datafield tag="210" ind1=" " ind2=" "><marc:subfield code="a">[Paris]</marc:subfield><marc:subfield code="c">Gallimard</marc:subfield><marc:subfield code="d">1980</marc:subfield><marc:subfield code="e">27-Évreux</marc:subfield><marc:subfield code="g">impr. Hérissey</marc:subfield></marc:datafield><marc:datafield tag="215" ind1=" " ind2=" "><marc:subfield code="a">252 p.</marc:subfield><marc:subfield code="c">ill., couv. ill. en coul.</marc:subfield><marc:subfield code="d">18 cm</marc:subfield></marc:datafield><marc:datafield tag="225" ind1=" " ind2=" "><marc:subfield code="a">Collection Folio junior</marc:subfield><marc:subfield code="x">0153-0593</marc:subfield><marc:subfield code="v">127</marc:subfield></marc:datafield><marc:datafield tag="339" ind1=" " ind2=" "><marc:subfield code="a">a</marc:subfield></marc:datafield><marc:datafield tag="410" ind1=" " ind2="0"><marc:subfield code="0">34226165</marc:subfield><marc:subfield code="t">Collection Folio junior</marc:subfield><marc:subfield code="x">0153-0593</marc:subfield><marc:subfield code="v">127</marc:subfield></marc:datafield><marc:datafield tag="686" ind1=" " ind2=" "><marc:subfield code="a">83 </marc:subfield><marc:subfield code="2">Cadre de classement de la Bibliographie nationale française</marc:subfield></marc:datafield><marc:datafield tag="700" ind1=" " ind2=" "><marc:subfield code="3">13091659</marc:subfield><marc:subfield code="9">1191</marc:subfield><marc:subfield code="o">ISNI0000000121441399</marc:subfield><marc:subfield code="a">Ségur</marc:subfield><marc:subfield code="b">Sophie de</marc:subfield><marc:subfield code="f">1799-1874</marc:subfield><marc:subfield code="4">070</marc:subfield></marc:datafield><marc:datafield tag="702" ind1=" " ind2=" "><marc:subfield code="3">11903234</marc:subfield><marc:subfield code="9">272994</marc:subfield><marc:subfield code="o">ISNI0000000121009651</marc:subfield><marc:subfield code="a">Foulquier</marc:subfield><marc:subfield code="b">Valentin</marc:subfield><marc:subfield code="f">1822-1896</marc:subfield><marc:subfield code="4">440</marc:subfield></marc:datafield><marc:datafield tag="801" ind1=" " ind2="0"><marc:subfield code="a">FR</marc:subfield><marc:subfield code="b">FR-751131015</marc:subfield><marc:subfield code="c">19811104</marc:subfield><marc:subfield code="g">AFNOR</marc:subfield><marc:subfield code="h">FRBNF346620250000007</marc:subfield><marc:subfield code="2">intermrc</marc:subfield></marc:datafield><marc:datafield tag="995" ind1=" " ind2=" "><marc:subfield code="0">1</marc:subfield><marc:subfield code="2">0</marc:subfield><marc:subfield code="4">0</marc:subfield><marc:subfield code="5">2005-03-22</marc:subfield><marc:subfield code="9">916</marc:subfield><marc:subfield code="P">7.00</marc:subfield><marc:subfield code="b">MED</marc:subfield><marc:subfield code="c">MED</marc:subfield><marc:subfield code="e">MED0A</marc:subfield><marc:subfield code="f">C0001151294</marc:subfield><marc:subfield code="h">JROROZZ</marc:subfield><marc:subfield code="k">EXT E R/SEG</marc:subfield><marc:subfield code="o">4</marc:subfield><marc:subfield code="p">7.00</marc:subfield><marc:subfield code="r">PRETLIV</marc:subfield><marc:subfield code="s">EXT_E_R_SEG</marc:subfield><marc:subfield code="y">2017-03-15</marc:subfield></marc:datafield></marc:record>