<marc:record><marc:leader>01067nj  a2200277   4500</marc:leader><marc:controlfield tag="001">783</marc:controlfield><marc:controlfield tag="003">http://www.mediathequederoubaix.fr/ark:/20179/KH783</marc:controlfield><marc:controlfield tag="005">20180701143354.0</marc:controlfield><marc:datafield tag="035" ind1="0" ind2="0"><marc:subfield code="a">HZ_RBX59582</marc:subfield></marc:datafield><marc:datafield tag="071" ind1="0" ind2=" "><marc:subfield code="a">73005-2</marc:subfield><marc:subfield code="b">3A</marc:subfield></marc:datafield><marc:datafield tag="090" ind1=" " ind2=" "><marc:subfield code="a">783</marc:subfield></marc:datafield><marc:datafield tag="091" ind1=" " ind2=" "><marc:subfield code="a">1</marc:subfield><marc:subfield code="b">20180701</marc:subfield><marc:subfield code="c">0</marc:subfield></marc:datafield><marc:datafield tag="099" ind1=" " ind2=" "><marc:subfield code="t">DC</marc:subfield><marc:subfield code="c">2014-06-30</marc:subfield><marc:subfield code="d">2014-06-30</marc:subfield><marc:subfield code="x">1</marc:subfield></marc:datafield><marc:datafield tag="100" ind1=" " ind2=" "><marc:subfield code="a">19       1995    k  y0frey5003    ba</marc:subfield></marc:datafield><marc:datafield tag="101" ind1=" " ind2=" "><marc:subfield code="a">fre</marc:subfield></marc:datafield><marc:datafield tag="200" ind1=" " ind2=" "><marc:subfield code="a">3 &amp; 4</marc:subfield><marc:subfield code="b">Enr. sonore</marc:subfield><marc:subfield code="e">Soucaougnan</marc:subfield><marc:subfield code="f">Kassav&apos;</marc:subfield></marc:datafield><marc:datafield tag="210" ind1=" " ind2=" "><marc:subfield code="d">[1995]</marc:subfield></marc:datafield><marc:datafield tag="215" ind1=" " ind2=" "><marc:subfield code="a">1 d.c.</marc:subfield></marc:datafield><marc:datafield tag="327" ind1=" " ind2=" "><marc:subfield code="a">Soucougnan</marc:subfield><marc:subfield code="a">Wonderful</marc:subfield><marc:subfield code="a">Message</marc:subfield><marc:subfield code="a">A song for people in love</marc:subfield><marc:subfield code="a">Soucougnan 2</marc:subfield><marc:subfield code="a">San fôce</marc:subfield><marc:subfield code="a">Kalkile</marc:subfield><marc:subfield code="a">Hors classe</marc:subfield><marc:subfield code="a">Doudou</marc:subfield><marc:subfield code="a">Evva</marc:subfield><marc:subfield code="a">Bolero</marc:subfield><marc:subfield code="a">Neg mawon</marc:subfield><marc:subfield code="a">Galata</marc:subfield><marc:subfield code="a">La jan an moin an vouey an pa vouey</marc:subfield><marc:subfield code="a">Pey an moin</marc:subfield><marc:subfield code="a">Nocturne</marc:subfield></marc:datafield><marc:datafield tag="339" ind1=" " ind2=" "><marc:subfield code="a">m</marc:subfield></marc:datafield><marc:datafield tag="606" ind1=" " ind2=" "><marc:subfield code="9">236163</marc:subfield><marc:subfield code="a">Musique</marc:subfield><marc:subfield code="y">Antilles</marc:subfield><marc:subfield code="x">Disques</marc:subfield></marc:datafield><marc:datafield tag="606" ind1=" " ind2=" "><marc:subfield code="9">236164</marc:subfield><marc:subfield code="a">Zouk (musique)</marc:subfield><marc:subfield code="x">Disques</marc:subfield></marc:datafield><marc:datafield tag="679" ind1=" " ind2=" "><marc:subfield code="a">051.2</marc:subfield></marc:datafield><marc:datafield tag="710" ind1="0" ind2=" "><marc:subfield code="9">122887</marc:subfield><marc:subfield code="a">Kassav</marc:subfield></marc:datafield><marc:datafield tag="801" ind1=" " ind2="0"><marc:subfield code="a">FR</marc:subfield><marc:subfield code="b">595126101</marc:subfield><marc:subfield code="c">20070828</marc:subfield><marc:subfield code="g">AFNOR</marc:subfield></marc:datafield><marc:datafield tag="995" ind1=" " ind2=" "><marc:subfield code="0">0</marc:subfield><marc:subfield code="2">0</marc:subfield><marc:subfield code="4">0</marc:subfield><marc:subfield code="5">2005-03-22</marc:subfield><marc:subfield code="9">918</marc:subfield><marc:subfield code="P">18.00</marc:subfield><marc:subfield code="b">MED</marc:subfield><marc:subfield code="c">MED</marc:subfield><marc:subfield code="e">MED3C</marc:subfield><marc:subfield code="f">C0001377078</marc:subfield><marc:subfield code="h">AMV90ZZ</marc:subfield><marc:subfield code="k">DC/051.2 KAS</marc:subfield><marc:subfield code="o">0</marc:subfield><marc:subfield code="p">18.00</marc:subfield><marc:subfield code="r">PRETSON</marc:subfield><marc:subfield code="s">DC_051_200000000000000_KAS</marc:subfield><marc:subfield code="w">48</marc:subfield><marc:subfield code="y">2016-01-02</marc:subfield></marc:datafield></marc:record>