<marc:record><marc:leader>01217nj  a2200277   4500</marc:leader><marc:controlfield tag="001">785</marc:controlfield><marc:controlfield tag="003">http://www.mediathequederoubaix.fr/ark:/20179/KH785</marc:controlfield><marc:controlfield tag="005">20180701143354.0</marc:controlfield><marc:datafield tag="035" ind1="0" ind2="0"><marc:subfield code="a">HZ_RBX59584</marc:subfield></marc:datafield><marc:datafield tag="071" ind1="0" ind2=" "><marc:subfield code="a">JBCD 211</marc:subfield><marc:subfield code="b">M.C. Productions</marc:subfield></marc:datafield><marc:datafield tag="090" ind1=" " ind2=" "><marc:subfield code="a">785</marc:subfield></marc:datafield><marc:datafield tag="091" ind1=" " ind2=" "><marc:subfield code="a">1</marc:subfield><marc:subfield code="b">20180701</marc:subfield><marc:subfield code="c">0</marc:subfield></marc:datafield><marc:datafield tag="099" ind1=" " ind2=" "><marc:subfield code="t">DC</marc:subfield><marc:subfield code="c">2014-06-30</marc:subfield><marc:subfield code="d">2014-06-30</marc:subfield><marc:subfield code="x">4</marc:subfield></marc:datafield><marc:datafield tag="100" ind1=" " ind2=" "><marc:subfield code="a">19       1991    k  y0frey5003    ba</marc:subfield></marc:datafield><marc:datafield tag="101" ind1=" " ind2=" "><marc:subfield code="a">fre</marc:subfield></marc:datafield><marc:datafield tag="200" ind1=" " ind2=" "><marc:subfield code="a">Chants de la France profonde</marc:subfield><marc:subfield code="b">Enr. sonore</marc:subfield><marc:subfield code="f">Michel Chaineaud</marc:subfield></marc:datafield><marc:datafield tag="210" ind1=" " ind2=" "><marc:subfield code="d">[1991]</marc:subfield></marc:datafield><marc:datafield tag="215" ind1=" " ind2=" "><marc:subfield code="a">1 d.c.</marc:subfield></marc:datafield><marc:datafield tag="305" ind1=" " ind2=" "><marc:subfield code="a">1991 d&apos;après la date de mise en circulation</marc:subfield></marc:datafield><marc:datafield tag="327" ind1=" " ind2=" "><marc:subfield code="a">L&apos;angélus de la mer</marc:subfield><marc:subfield code="a">Les semailles</marc:subfield><marc:subfield code="a">Le crédo du paysan</marc:subfield><marc:subfield code="a">Au loin dans la plaine</marc:subfield><marc:subfield code="a">La chanson des peupliers</marc:subfield><marc:subfield code="a">La voix des chênes</marc:subfield><marc:subfield code="a">Va mon ami va</marc:subfield><marc:subfield code="a">Le cor</marc:subfield><marc:subfield code="a">La complainte du corsaire</marc:subfield><marc:subfield code="a">La chanson des blés d&apos;or</marc:subfield><marc:subfield code="a">Les bœufs</marc:subfield><marc:subfield code="a">La charité</marc:subfield><marc:subfield code="a">Le galérien</marc:subfield><marc:subfield code="a">Le rêve passe</marc:subfield><marc:subfield code="a">Les Rameaux</marc:subfield></marc:datafield><marc:datafield tag="339" ind1=" " ind2=" "><marc:subfield code="a">m</marc:subfield></marc:datafield><marc:datafield tag="606" ind1=" " ind2=" "><marc:subfield code="9">236170</marc:subfield><marc:subfield code="a">Chansons traditionnelles françaises</marc:subfield><marc:subfield code="x">Disques</marc:subfield></marc:datafield><marc:datafield tag="679" ind1=" " ind2=" "><marc:subfield code="a">090.1</marc:subfield></marc:datafield><marc:datafield tag="700" ind1="0" ind2=" "><marc:subfield code="9">149179</marc:subfield><marc:subfield code="a">Chaineaud</marc:subfield><marc:subfield code="b">Michel</marc:subfield></marc:datafield><marc:datafield tag="801" ind1=" " ind2="0"><marc:subfield code="a">FR</marc:subfield><marc:subfield code="b">595126101</marc:subfield><marc:subfield code="c">20070828</marc:subfield><marc:subfield code="g">AFNOR</marc:subfield></marc:datafield><marc:datafield tag="995" ind1=" " ind2=" "><marc:subfield code="0">0</marc:subfield><marc:subfield code="2">0</marc:subfield><marc:subfield code="3">0</marc:subfield><marc:subfield code="4">0</marc:subfield><marc:subfield code="5">2005-03-22</marc:subfield><marc:subfield code="9">920</marc:subfield><marc:subfield code="P">17.00</marc:subfield><marc:subfield code="b">MED</marc:subfield><marc:subfield code="c">MED</marc:subfield><marc:subfield code="e">MED1A</marc:subfield><marc:subfield code="f">C0001252985</marc:subfield><marc:subfield code="h">AMV80ZZ</marc:subfield><marc:subfield code="k">DC/099.2 CHA</marc:subfield><marc:subfield code="o">0</marc:subfield><marc:subfield code="p">17.00</marc:subfield><marc:subfield code="r">PRETSON</marc:subfield><marc:subfield code="s">DC_099_200000000000000_CHA</marc:subfield><marc:subfield code="w">47</marc:subfield><marc:subfield code="y">2018-04-14</marc:subfield><marc:subfield code="A">0</marc:subfield></marc:datafield></marc:record>