<marc:record><marc:leader>01027nj  a2200277   4500</marc:leader><marc:controlfield tag="001">793</marc:controlfield><marc:controlfield tag="003">http://www.mediathequederoubaix.fr/ark:/20179/KH793</marc:controlfield><marc:controlfield tag="005">20181221212002.0</marc:controlfield><marc:datafield tag="035" ind1="0" ind2="0"><marc:subfield code="a">HZ_RBX59597</marc:subfield></marc:datafield><marc:datafield tag="071" ind1="0" ind2=" "><marc:subfield code="a">WCD 030</marc:subfield><marc:subfield code="b">World Circuit</marc:subfield></marc:datafield><marc:datafield tag="090" ind1=" " ind2=" "><marc:subfield code="a">793</marc:subfield></marc:datafield><marc:datafield tag="091" ind1=" " ind2=" "><marc:subfield code="a">1</marc:subfield><marc:subfield code="b">20180701</marc:subfield><marc:subfield code="c">0</marc:subfield></marc:datafield><marc:datafield tag="099" ind1=" " ind2=" "><marc:subfield code="t">DC</marc:subfield><marc:subfield code="c">2014-06-30</marc:subfield><marc:subfield code="d">2014-06-30</marc:subfield><marc:subfield code="x">7</marc:subfield></marc:datafield><marc:datafield tag="100" ind1=" " ind2=" "><marc:subfield code="a">19       1992    k  y0frey5003    ba</marc:subfield></marc:datafield><marc:datafield tag="101" ind1=" " ind2=" "><marc:subfield code="a">fre</marc:subfield></marc:datafield><marc:datafield tag="200" ind1=" " ind2=" "><marc:subfield code="a">The source</marc:subfield><marc:subfield code="b">Enr. sonore</marc:subfield><marc:subfield code="f">Ali Farka Toure</marc:subfield></marc:datafield><marc:datafield tag="210" ind1=" " ind2=" "><marc:subfield code="d">P 1992</marc:subfield></marc:datafield><marc:datafield tag="215" ind1=" " ind2=" "><marc:subfield code="a">1 d.C.</marc:subfield><marc:subfield code="e">1 brochure</marc:subfield></marc:datafield><marc:datafield tag="327" ind1=" " ind2=" "><marc:subfield code="a">Goye kur</marc:subfield><marc:subfield code="a">Inchana massina</marc:subfield><marc:subfield code="a">Roucky</marc:subfield><marc:subfield code="a">Dofana</marc:subfield><marc:subfield code="a">Karaw</marc:subfield><marc:subfield code="a">Hawa dolo</marc:subfield><marc:subfield code="a">Cinquante six</marc:subfield><marc:subfield code="a">I go ka</marc:subfield><marc:subfield code="a">Yenna</marc:subfield><marc:subfield code="a">Mahini me</marc:subfield></marc:datafield><marc:datafield tag="339" ind1=" " ind2=" "><marc:subfield code="a">m</marc:subfield></marc:datafield><marc:datafield tag="606" ind1=" " ind2=" "><marc:subfield code="a">Musique</marc:subfield><marc:subfield code="y">Mali</marc:subfield><marc:subfield code="x">Disques</marc:subfield><marc:subfield code="2">rameau</marc:subfield></marc:datafield><marc:datafield tag="606" ind1=" " ind2=" "><marc:subfield code="a">Musique traditionnelle</marc:subfield><marc:subfield code="y">Mali</marc:subfield><marc:subfield code="x">Disques</marc:subfield><marc:subfield code="2">rameau</marc:subfield></marc:datafield><marc:datafield tag="679" ind1=" " ind2=" "><marc:subfield code="a">017.2</marc:subfield></marc:datafield><marc:datafield tag="700" ind1="0" ind2=" "><marc:subfield code="9">1206</marc:subfield><marc:subfield code="3">13963347</marc:subfield><marc:subfield code="a">Touré</marc:subfield><marc:subfield code="b">Ali Farka</marc:subfield><marc:subfield code="f">1939-2006</marc:subfield></marc:datafield><marc:datafield tag="801" ind1=" " ind2="0"><marc:subfield code="a">FR</marc:subfield><marc:subfield code="b">595126101</marc:subfield><marc:subfield code="c">20070828</marc:subfield><marc:subfield code="g">AFNOR</marc:subfield></marc:datafield><marc:datafield tag="995" ind1=" " ind2=" "><marc:subfield code="0">0</marc:subfield><marc:subfield code="2">0</marc:subfield><marc:subfield code="4">0</marc:subfield><marc:subfield code="5">2005-03-22</marc:subfield><marc:subfield code="9">928</marc:subfield><marc:subfield code="P">18.00</marc:subfield><marc:subfield code="b">MED</marc:subfield><marc:subfield code="c">MED</marc:subfield><marc:subfield code="e">MED1A</marc:subfield><marc:subfield code="f">C0001376365</marc:subfield><marc:subfield code="h">AMV90ZZ</marc:subfield><marc:subfield code="k">DC/017.2 TOU</marc:subfield><marc:subfield code="o">0</marc:subfield><marc:subfield code="p">18.00</marc:subfield><marc:subfield code="r">PRETSON</marc:subfield><marc:subfield code="s">DC_017_200000000000000_TOU</marc:subfield><marc:subfield code="w">108</marc:subfield><marc:subfield code="y">2019-01-10</marc:subfield></marc:datafield></marc:record>