<marc:record><marc:leader>01786cam  2200361   4500</marc:leader><marc:controlfield tag="001">797</marc:controlfield><marc:controlfield tag="003">http://www.mediathequederoubaix.fr/ark:/20179/KH797</marc:controlfield><marc:datafield tag="010" ind1=" " ind2=" "><marc:subfield code="a">2-11-001730-9</marc:subfield></marc:datafield><marc:datafield tag="020" ind1=" " ind2=" "><marc:subfield code="a">FR</marc:subfield><marc:subfield code="b">28800719</marc:subfield></marc:datafield><marc:datafield tag="021" ind1=" " ind2=" "><marc:subfield code="a">FR</marc:subfield><marc:subfield code="b">DL 87-07135</marc:subfield></marc:datafield><marc:datafield tag="033" ind1=" " ind2=" "><marc:subfield code="a">http://catalogue.bnf.fr/ark:/12148/cb366273543</marc:subfield></marc:datafield><marc:datafield tag="035" ind1=" " ind2=" "><marc:subfield code="a">FRBNF366273540000007</marc:subfield></marc:datafield><marc:datafield tag="039" ind1=" " ind2=" "><marc:subfield code="o">OPL</marc:subfield><marc:subfield code="a">005897187</marc:subfield></marc:datafield><marc:datafield tag="090" ind1=" " ind2=" "><marc:subfield code="a">797</marc:subfield></marc:datafield><marc:datafield tag="091" ind1=" " ind2=" "><marc:subfield code="b">20180701</marc:subfield><marc:subfield code="c">1</marc:subfield><marc:subfield code="a">2</marc:subfield></marc:datafield><marc:datafield tag="099" ind1=" " ind2=" "><marc:subfield code="t">LI</marc:subfield><marc:subfield code="c">2014-06-30</marc:subfield><marc:subfield code="d">2014-06-30</marc:subfield><marc:subfield code="x">0</marc:subfield></marc:datafield><marc:datafield tag="100" ind1=" " ind2=" "><marc:subfield code="a">19880602d1987    m  h0frey50      ba</marc:subfield></marc:datafield><marc:datafield tag="101" ind1="0" ind2=" "><marc:subfield code="a">fre</marc:subfield></marc:datafield><marc:datafield tag="102" ind1=" " ind2=" "><marc:subfield code="a">FR</marc:subfield></marc:datafield><marc:datafield tag="105" ind1=" " ind2=" "><marc:subfield code="a">||||z   00|y|</marc:subfield></marc:datafield><marc:datafield tag="106" ind1=" " ind2=" "><marc:subfield code="a">r</marc:subfield></marc:datafield><marc:datafield tag="200" ind1="1" ind2=" "><marc:subfield code="a">Evaluer l&apos;exposition</marc:subfield><marc:subfield code="b">Texte imprimé</marc:subfield><marc:subfield code="e">définitions, méthodes et bibliographie sélective commentée d&apos;études d&apos;évaluation</marc:subfield><marc:subfield code="f">Ministère de la culture et de la communication, Direction de l&apos;administration générale et de l&apos;environnement culturel, Département des études et de la prospective; Expo Média</marc:subfield><marc:subfield code="g">[réd.] par Hana Gottesdiener</marc:subfield></marc:datafield><marc:datafield tag="210" ind1=" " ind2=" "><marc:subfield code="a">Paris</marc:subfield><marc:subfield code="c">la Documentation française</marc:subfield><marc:subfield code="d">1987</marc:subfield><marc:subfield code="e">54-Nancy</marc:subfield><marc:subfield code="g">Graphic-expansion</marc:subfield></marc:datafield><marc:datafield tag="215" ind1=" " ind2=" "><marc:subfield code="a">102 p.</marc:subfield><marc:subfield code="d">24 cm</marc:subfield></marc:datafield><marc:datafield tag="300" ind1=" " ind2=" "><marc:subfield code="a">Notes bibliogr</marc:subfield></marc:datafield><marc:datafield tag="339" ind1=" " ind2=" "><marc:subfield code="a">m</marc:subfield></marc:datafield><marc:datafield tag="606" ind1=" " ind2=" "><marc:subfield code="3">15916158</marc:subfield><marc:subfield code="9">1213</marc:subfield><marc:subfield code="a">Expositions</marc:subfield><marc:subfield code="3">11975815</marc:subfield><marc:subfield code="9">1214</marc:subfield><marc:subfield code="x">Évaluation</marc:subfield><marc:subfield code="2">rameau</marc:subfield></marc:datafield><marc:datafield tag="686" ind1=" " ind2=" "><marc:subfield code="a">361</marc:subfield><marc:subfield code="2">Cadre de classement de la Bibliographie nationale française</marc:subfield></marc:datafield><marc:datafield tag="702" ind1=" " ind2=" "><marc:subfield code="3">12076186</marc:subfield><marc:subfield code="9">1215</marc:subfield><marc:subfield code="o">ISNI0000000079772054</marc:subfield><marc:subfield code="a">Gottesdiener</marc:subfield><marc:subfield code="b">Hana</marc:subfield><marc:subfield code="4">710</marc:subfield></marc:datafield><marc:datafield tag="710" ind1=" " ind2=" "><marc:subfield code="3">12005001</marc:subfield><marc:subfield code="9">1216</marc:subfield><marc:subfield code="a">France</marc:subfield><marc:subfield code="b">Ministère de la culture et de la communication</marc:subfield><marc:subfield code="c">1986-1988</marc:subfield><marc:subfield code="b">Département des études et de la prospective</marc:subfield><marc:subfield code="4">070</marc:subfield></marc:datafield><marc:datafield tag="711" ind1=" " ind2=" "><marc:subfield code="3">12076184</marc:subfield><marc:subfield code="9">272995</marc:subfield><marc:subfield code="a">Expo Media</marc:subfield><marc:subfield code="c">Paris</marc:subfield><marc:subfield code="4">070</marc:subfield></marc:datafield><marc:datafield tag="801" ind1=" " ind2="0"><marc:subfield code="a">FR</marc:subfield><marc:subfield code="b">FR-751131015</marc:subfield><marc:subfield code="c">19880602</marc:subfield><marc:subfield code="g">AFNOR</marc:subfield><marc:subfield code="h">FRBNF366273540000007</marc:subfield><marc:subfield code="2">intermrc</marc:subfield></marc:datafield><marc:datafield tag="995" ind1=" " ind2=" "><marc:subfield code="0">0</marc:subfield><marc:subfield code="2">0</marc:subfield><marc:subfield code="4">0</marc:subfield><marc:subfield code="5">2005-03-22</marc:subfield><marc:subfield code="9">933</marc:subfield><marc:subfield code="P">24.00</marc:subfield><marc:subfield code="b">MED</marc:subfield><marc:subfield code="c">MED</marc:subfield><marc:subfield code="e">MED3D</marc:subfield><marc:subfield code="f">C0001158246</marc:subfield><marc:subfield code="h">ACFBPZZ</marc:subfield><marc:subfield code="k">BIB PROF/1.6 FRA</marc:subfield><marc:subfield code="o">0</marc:subfield><marc:subfield code="p">24.00</marc:subfield><marc:subfield code="r">PRETLIV</marc:subfield><marc:subfield code="s">BIB_PROF1_6_000000000000000_FR</marc:subfield><marc:subfield code="w">3</marc:subfield><marc:subfield code="y">2008-08-23</marc:subfield></marc:datafield></marc:record>