<marc:record><marc:leader>01001nam a2200265   4500</marc:leader><marc:controlfield tag="001">801</marc:controlfield><marc:controlfield tag="003">http://www.mediathequederoubaix.fr/ark:/20179/KH801</marc:controlfield><marc:controlfield tag="005">20170209230554.0</marc:controlfield><marc:datafield tag="035" ind1="0" ind2="0"><marc:subfield code="a">HZ_RBX59612</marc:subfield></marc:datafield><marc:datafield tag="090" ind1=" " ind2=" "><marc:subfield code="a">801</marc:subfield></marc:datafield><marc:datafield tag="091" ind1=" " ind2=" "><marc:subfield code="a">0</marc:subfield></marc:datafield><marc:datafield tag="099" ind1=" " ind2=" "><marc:subfield code="t">LI</marc:subfield><marc:subfield code="c">2014-06-30</marc:subfield><marc:subfield code="d">2014-06-30</marc:subfield><marc:subfield code="x">0</marc:subfield></marc:datafield><marc:datafield tag="100" ind1=" " ind2=" "><marc:subfield code="a">19       1929    k  y0frey5003    ba</marc:subfield></marc:datafield><marc:datafield tag="101" ind1=" " ind2=" "><marc:subfield code="a">fre</marc:subfield></marc:datafield><marc:datafield tag="200" ind1=" " ind2=" "><marc:subfield code="a">Les allongés</marc:subfield><marc:subfield code="f">Jeanne Galzy</marc:subfield><marc:subfield code="g">bois originaux d&apos;Andrée Sikorska</marc:subfield></marc:datafield><marc:datafield tag="210" ind1=" " ind2=" "><marc:subfield code="a">Paris</marc:subfield><marc:subfield code="c">J. Ferenczi et fils, éd.</marc:subfield><marc:subfield code="d">1929</marc:subfield></marc:datafield><marc:datafield tag="215" ind1=" " ind2=" "><marc:subfield code="a">158 p.</marc:subfield><marc:subfield code="c">ill. gr. sb.</marc:subfield><marc:subfield code="d">18 cm</marc:subfield></marc:datafield><marc:datafield tag="225" ind1="0" ind2=" "><marc:subfield code="a">Le livre moderne illustré</marc:subfield></marc:datafield><marc:datafield tag="339" ind1=" " ind2=" "><marc:subfield code="a">m</marc:subfield></marc:datafield><marc:datafield tag="410" ind1=" " ind2=" "><marc:subfield code="t">Le livre moderne illustré</marc:subfield></marc:datafield><marc:datafield tag="702" ind1=" " ind2=" "><marc:subfield code="9">149193</marc:subfield><marc:subfield code="4">760</marc:subfield><marc:subfield code="a">Sikorska</marc:subfield><marc:subfield code="b">Andrée</marc:subfield></marc:datafield><marc:datafield tag="700" ind1="0" ind2=" "><marc:subfield code="9">61280</marc:subfield><marc:subfield code="7">ba0yba0y</marc:subfield><marc:subfield code="8">fre   </marc:subfield><marc:subfield code="a">Galzy</marc:subfield><marc:subfield code="b">Jeanne</marc:subfield><marc:subfield code="f">1883-1977</marc:subfield></marc:datafield><marc:datafield tag="801" ind1=" " ind2="0"><marc:subfield code="a">FR</marc:subfield><marc:subfield code="b">595126101</marc:subfield><marc:subfield code="c">20050322</marc:subfield><marc:subfield code="g">AFNOR</marc:subfield></marc:datafield><marc:datafield tag="930" ind1=" " ind2=" "><marc:subfield code="5">595126101:C0003599391</marc:subfield><marc:subfield code="b">595126101</marc:subfield><marc:subfield code="a">MAG L/P 8/113 724</marc:subfield><marc:subfield code="e">Fonds patrimonial</marc:subfield></marc:datafield><marc:datafield tag="995" ind1=" " ind2=" "><marc:subfield code="0">0</marc:subfield><marc:subfield code="2">0</marc:subfield><marc:subfield code="4">0</marc:subfield><marc:subfield code="5">2005-03-22</marc:subfield><marc:subfield code="9">937</marc:subfield><marc:subfield code="b">MED</marc:subfield><marc:subfield code="c">MED</marc:subfield><marc:subfield code="e">MED3I</marc:subfield><marc:subfield code="f">C0003599391</marc:subfield><marc:subfield code="h">PPEFGZZ</marc:subfield><marc:subfield code="k">MAG L/P 8/113 724</marc:subfield><marc:subfield code="o">2</marc:subfield><marc:subfield code="r">PRETLIV</marc:subfield><marc:subfield code="s">MAG_LP_8113_724000000000000</marc:subfield><marc:subfield code="y">2014-06-30</marc:subfield></marc:datafield></marc:record>