<marc:record><marc:leader>01199na  a2200265   4500</marc:leader><marc:controlfield tag="001">803</marc:controlfield><marc:controlfield tag="003">http://www.mediathequederoubaix.fr/ark:/20179/KH803</marc:controlfield><marc:controlfield tag="005">20180701143356.0</marc:controlfield><marc:datafield tag="010" ind1=" " ind2=" "><marc:subfield code="a">2-87147-020-0</marc:subfield></marc:datafield><marc:datafield tag="035" ind1="0" ind2="0"><marc:subfield code="a">HZ_RBX59615</marc:subfield></marc:datafield><marc:datafield tag="090" ind1=" " ind2=" "><marc:subfield code="a">803</marc:subfield></marc:datafield><marc:datafield tag="091" ind1=" " ind2=" "><marc:subfield code="a">2</marc:subfield><marc:subfield code="b">20180701</marc:subfield><marc:subfield code="c">0</marc:subfield></marc:datafield><marc:datafield tag="099" ind1=" " ind2=" "><marc:subfield code="t">LI</marc:subfield><marc:subfield code="c">2014-06-30</marc:subfield><marc:subfield code="d">2014-06-30</marc:subfield><marc:subfield code="x">0</marc:subfield></marc:datafield><marc:datafield tag="100" ind1=" " ind2=" "><marc:subfield code="a">19       1986    k  y0frey5003    ba</marc:subfield></marc:datafield><marc:datafield tag="101" ind1=" " ind2=" "><marc:subfield code="a">fre</marc:subfield></marc:datafield><marc:datafield tag="200" ind1=" " ind2=" "><marc:subfield code="a">Droits de l&apos;homme, droits des peuples</marc:subfield><marc:subfield code="e">catalogue plurimédias</marc:subfield><marc:subfield code="f">Médiathèque de la communauté française de Belgique</marc:subfield><marc:subfield code="g">collab. du Ministère de la communauté française deBelgique</marc:subfield></marc:datafield><marc:datafield tag="210" ind1=" " ind2=" "><marc:subfield code="a">Bruxelles</marc:subfield><marc:subfield code="c">Médiathèque de la Communauté Française de Belgique</marc:subfield><marc:subfield code="d">1986</marc:subfield></marc:datafield><marc:datafield tag="215" ind1=" " ind2=" "><marc:subfield code="a">XI-187 p.</marc:subfield><marc:subfield code="c">couv. ill.</marc:subfield><marc:subfield code="d">30 cm</marc:subfield></marc:datafield><marc:datafield tag="320" ind1=" " ind2=" "><marc:subfield code="a">Index.</marc:subfield></marc:datafield><marc:datafield tag="339" ind1=" " ind2=" "><marc:subfield code="a">m</marc:subfield></marc:datafield><marc:datafield tag="606" ind1="0" ind2=" "><marc:subfield code="a">Droits de l&apos;homme</marc:subfield><marc:subfield code="x">Bibliographie</marc:subfield><marc:subfield code="2">rameau</marc:subfield></marc:datafield><marc:datafield tag="710" ind1="0" ind2=" "><marc:subfield code="9">1225</marc:subfield><marc:subfield code="7">ba0yba0y</marc:subfield><marc:subfield code="8">fre   </marc:subfield><marc:subfield code="3">12406013</marc:subfield><marc:subfield code="7">ba0yba0y</marc:subfield><marc:subfield code="8">fre   </marc:subfield><marc:subfield code="a">Communauté française de Belgique</marc:subfield><marc:subfield code="b">Médiathèque</marc:subfield></marc:datafield><marc:datafield tag="712" ind1="0" ind2=" "><marc:subfield code="9">122890</marc:subfield><marc:subfield code="a">Belgique</marc:subfield><marc:subfield code="b">Ministère de la communauté française</marc:subfield></marc:datafield><marc:datafield tag="801" ind1=" " ind2="0"><marc:subfield code="a">FR</marc:subfield><marc:subfield code="b">595126101</marc:subfield><marc:subfield code="c">20070828</marc:subfield><marc:subfield code="g">AFNOR</marc:subfield></marc:datafield><marc:datafield tag="995" ind1=" " ind2=" "><marc:subfield code="0">0</marc:subfield><marc:subfield code="2">0</marc:subfield><marc:subfield code="4">0</marc:subfield><marc:subfield code="5">2005-03-22</marc:subfield><marc:subfield code="9">939</marc:subfield><marc:subfield code="P">24.00</marc:subfield><marc:subfield code="b">MED</marc:subfield><marc:subfield code="c">MED</marc:subfield><marc:subfield code="e">MED3D</marc:subfield><marc:subfield code="f">C0000384307</marc:subfield><marc:subfield code="h">ACFBPZZ</marc:subfield><marc:subfield code="k">BIB PROF/0.38 MED</marc:subfield><marc:subfield code="o">0</marc:subfield><marc:subfield code="p">24.00</marc:subfield><marc:subfield code="r">PRETLIV</marc:subfield><marc:subfield code="s">BIB_PROF0_38_000000000000000_M</marc:subfield><marc:subfield code="y">2008-08-23</marc:subfield></marc:datafield></marc:record>