<marc:record><marc:leader>01749nj  a2200313   4500</marc:leader><marc:controlfield tag="001">806</marc:controlfield><marc:controlfield tag="003">http://www.mediathequederoubaix.fr/ark:/20179/KH806</marc:controlfield><marc:controlfield tag="005">20180701143356.0</marc:controlfield><marc:datafield tag="035" ind1="0" ind2="0"><marc:subfield code="a">HZ_RBX59622</marc:subfield></marc:datafield><marc:datafield tag="071" ind1="0" ind2=" "><marc:subfield code="a">SCM 019</marc:subfield><marc:subfield code="b">Le Chasse-Marée</marc:subfield></marc:datafield><marc:datafield tag="090" ind1=" " ind2=" "><marc:subfield code="a">806</marc:subfield></marc:datafield><marc:datafield tag="091" ind1=" " ind2=" "><marc:subfield code="a">1</marc:subfield><marc:subfield code="b">20180701</marc:subfield><marc:subfield code="c">0</marc:subfield></marc:datafield><marc:datafield tag="099" ind1=" " ind2=" "><marc:subfield code="t">DC</marc:subfield><marc:subfield code="c">2014-06-30</marc:subfield><marc:subfield code="d">2014-06-30</marc:subfield><marc:subfield code="x">1</marc:subfield></marc:datafield><marc:datafield tag="100" ind1=" " ind2=" "><marc:subfield code="a">19       1991    k  y0frey5003    ba</marc:subfield></marc:datafield><marc:datafield tag="101" ind1=" " ind2=" "><marc:subfield code="a">fre</marc:subfield></marc:datafield><marc:datafield tag="200" ind1=" " ind2=" "><marc:subfield code="a">Chants de marins traditionnels</marc:subfield><marc:subfield code="b">Enr. sonore</marc:subfield><marc:subfield code="f">Cabestan</marc:subfield></marc:datafield><marc:datafield tag="210" ind1=" " ind2=" "><marc:subfield code="d">[1991]</marc:subfield></marc:datafield><marc:datafield tag="215" ind1=" " ind2=" "><marc:subfield code="a">1 d.c.</marc:subfield><marc:subfield code="e">1 brochure</marc:subfield></marc:datafield><marc:datafield tag="305" ind1=" " ind2=" "><marc:subfield code="a">Sélection de morceaux choisis dans les albums Cabestan (1984) et Il y a dix marins sur mer (1987)</marc:subfield></marc:datafield><marc:datafield tag="327" ind1=" " ind2=" "><marc:subfield code="a">Il y a dix marins sur mer</marc:subfield><marc:subfield code="a">Brassons bien partout carré</marc:subfield><marc:subfield code="a">Le gabier de Terre-Neuve</marc:subfield><marc:subfield code="a">Le 31 du mois d&apos;août</marc:subfield><marc:subfield code="a">South Australia</marc:subfield><marc:subfield code="a">En Anglézed bonetu ru</marc:subfield><marc:subfield code="a">Hourra les filles à cinq deniers</marc:subfield><marc:subfield code="a">Good bye farewell</marc:subfield><marc:subfield code="a">Polka de Saint-Carreuc</marc:subfield><marc:subfield code="a">Passant la rue Saint-Honoré</marc:subfield><marc:subfield code="a">Faut avoir du courage</marc:subfield><marc:subfield code="a">Gwerz an Aber Ac&apos;h</marc:subfield><marc:subfield code="a">Le capitaine de Saint-Malo</marc:subfield><marc:subfield code="a">Quand nous partîmes de Toulon</marc:subfield><marc:subfield code="a">John Kanaka</marc:subfield><marc:subfield code="a">Le départ de l&apos;île d&apos;Yeu</marc:subfield><marc:subfield code="a">Ronds de Plœuc</marc:subfield><marc:subfield code="a">La goélette de Saint-Martin-de-Ré</marc:subfield><marc:subfield code="a">Ala Rochelle est arrivé</marc:subfield><marc:subfield code="a">Suite de chants de travail</marc:subfield><marc:subfield code="a">Il y a dix marins sur mer</marc:subfield></marc:datafield><marc:datafield tag="339" ind1=" " ind2=" "><marc:subfield code="a">m</marc:subfield></marc:datafield><marc:datafield tag="606" ind1=" " ind2=" "><marc:subfield code="a">Chansons traditionnelles françaises</marc:subfield><marc:subfield code="x">Disques</marc:subfield><marc:subfield code="2">rameau</marc:subfield></marc:datafield><marc:datafield tag="606" ind1=" " ind2=" "><marc:subfield code="a">Chansons traditionnelles bretonnes</marc:subfield><marc:subfield code="x">Disques</marc:subfield><marc:subfield code="2">rameau</marc:subfield></marc:datafield><marc:datafield tag="606" ind1=" " ind2=" "><marc:subfield code="a">Chansons traditionnelles anglaises</marc:subfield><marc:subfield code="x">Disques</marc:subfield><marc:subfield code="2">rameau</marc:subfield></marc:datafield><marc:datafield tag="606" ind1=" " ind2=" "><marc:subfield code="7">ba0yba0y</marc:subfield><marc:subfield code="8">fre   </marc:subfield><marc:subfield code="3">12260665</marc:subfield><marc:subfield code="9">1209</marc:subfield><marc:subfield code="a">Chansons de marins</marc:subfield><marc:subfield code="x">Disques</marc:subfield><marc:subfield code="2">rameau</marc:subfield></marc:datafield><marc:datafield tag="679" ind1=" " ind2=" "><marc:subfield code="a">091.1</marc:subfield></marc:datafield><marc:datafield tag="710" ind1="0" ind2=" "><marc:subfield code="9">122892</marc:subfield><marc:subfield code="a">Cabestan</marc:subfield></marc:datafield><marc:datafield tag="801" ind1=" " ind2="0"><marc:subfield code="a">FR</marc:subfield><marc:subfield code="b">595126101</marc:subfield><marc:subfield code="c">20100604</marc:subfield><marc:subfield code="g">AFNOR</marc:subfield></marc:datafield><marc:datafield tag="995" ind1=" " ind2=" "><marc:subfield code="0">0</marc:subfield><marc:subfield code="2">0</marc:subfield><marc:subfield code="3">0</marc:subfield><marc:subfield code="4">0</marc:subfield><marc:subfield code="5">2005-03-22</marc:subfield><marc:subfield code="9">942</marc:subfield><marc:subfield code="P">17.00</marc:subfield><marc:subfield code="b">MED</marc:subfield><marc:subfield code="c">MED</marc:subfield><marc:subfield code="e">MED3C</marc:subfield><marc:subfield code="f">C0001229209</marc:subfield><marc:subfield code="h">AMV80ZZ</marc:subfield><marc:subfield code="k">DC/099.2 CAB</marc:subfield><marc:subfield code="o">0</marc:subfield><marc:subfield code="p">17.00</marc:subfield><marc:subfield code="r">PRETSON</marc:subfield><marc:subfield code="s">DC_099_200000000000000_CAB</marc:subfield><marc:subfield code="w">34</marc:subfield><marc:subfield code="y">2015-04-22</marc:subfield><marc:subfield code="A">0</marc:subfield></marc:datafield></marc:record>