<marc:record><marc:leader>01593nj  a2200277   4500</marc:leader><marc:controlfield tag="001">830</marc:controlfield><marc:controlfield tag="003">http://www.mediathequederoubaix.fr/ark:/20179/KH830</marc:controlfield><marc:controlfield tag="005">20180718203907.0</marc:controlfield><marc:datafield tag="035" ind1="0" ind2="0"><marc:subfield code="a">HZ_RBX59665</marc:subfield></marc:datafield><marc:datafield tag="071" ind1="0" ind2=" "><marc:subfield code="a">PS 65020</marc:subfield><marc:subfield code="b">Playa Sound</marc:subfield></marc:datafield><marc:datafield tag="090" ind1=" " ind2=" "><marc:subfield code="a">830</marc:subfield></marc:datafield><marc:datafield tag="091" ind1=" " ind2=" "><marc:subfield code="a">1</marc:subfield><marc:subfield code="b">20180718</marc:subfield><marc:subfield code="c">0</marc:subfield></marc:datafield><marc:datafield tag="099" ind1=" " ind2=" "><marc:subfield code="t">DC</marc:subfield><marc:subfield code="c">2014-06-30</marc:subfield><marc:subfield code="d">2014-06-30</marc:subfield><marc:subfield code="x">1</marc:subfield></marc:datafield><marc:datafield tag="100" ind1=" " ind2=" "><marc:subfield code="a">19       1988    k  y0frey5003    ba</marc:subfield></marc:datafield><marc:datafield tag="101" ind1=" " ind2=" "><marc:subfield code="a">fre</marc:subfield></marc:datafield><marc:datafield tag="200" ind1=" " ind2=" "><marc:subfield code="a">Vietnam</marc:subfield><marc:subfield code="b">Enr. sonore</marc:subfield><marc:subfield code="e">Rêves et réalités</marc:subfield><marc:subfield code="f">Tran Quang Hai</marc:subfield><marc:subfield code="g">Bach Yen</marc:subfield></marc:datafield><marc:datafield tag="210" ind1=" " ind2=" "><marc:subfield code="d">P 1988</marc:subfield></marc:datafield><marc:datafield tag="215" ind1=" " ind2=" "><marc:subfield code="a">1 d.c.</marc:subfield><marc:subfield code="e">1 brochure (11 p. ; 12 cm)</marc:subfield></marc:datafield><marc:datafield tag="327" ind1=" " ind2=" "><marc:subfield code="a">Van Thien Tuong (nom d&apos;un général)</marc:subfield><marc:subfield code="a">Kieu Du Xuan = Promenade printanière de Kieu</marc:subfield><marc:subfield code="a">Hai Hoa = la cueillette des fleurs</marc:subfield><marc:subfield code="a">Qau cau gio bay = au passage du pont, le vent me l&apos;a enlevé</marc:subfield><marc:subfield code="a">Ho hui = chant des terrassiers</marc:subfield><marc:subfield code="a">Ly con sao = le chant du merle</marc:subfield><marc:subfield code="a">Au o vidau : berceuse</marc:subfield><marc:subfield code="a">Gio mua thu = le vent d&apos;automne</marc:subfield><marc:subfield code="a">Ly ngua O = le chant du coursier noir</marc:subfield><marc:subfield code="a">Luu thuy doan = l&apos;eau vive ; Binh ban van = les mesures égales ; Kim tien = les sapèques d&apos;or</marc:subfield><marc:subfield code="a">Vong co = la nostalgie du passé</marc:subfield><marc:subfield code="a">Khong Minh toa lau = Khong Minh assis au balcon</marc:subfield><marc:subfield code="a">Doc huyen cam khuc = le chant du monocorde</marc:subfield><marc:subfield code="a">Ngu diem bai ta = les cinq veilles qui sonnent</marc:subfield></marc:datafield><marc:datafield tag="339" ind1=" " ind2=" "><marc:subfield code="a">m</marc:subfield></marc:datafield><marc:datafield tag="606" ind1=" " ind2=" "><marc:subfield code="a">Musique traditionnelle</marc:subfield><marc:subfield code="y">Viet-Nam</marc:subfield><marc:subfield code="x">Disques</marc:subfield><marc:subfield code="2">rameau</marc:subfield></marc:datafield><marc:datafield tag="679" ind1=" " ind2=" "><marc:subfield code="a">036.1</marc:subfield></marc:datafield><marc:datafield tag="702" ind1="0" ind2=" "><marc:subfield code="9">1246</marc:subfield><marc:subfield code="3">13891036</marc:subfield><marc:subfield code="a">Bach</marc:subfield><marc:subfield code="b">Yên</marc:subfield><marc:subfield code="f">1946-....</marc:subfield></marc:datafield><marc:datafield tag="702" ind1="0" ind2=" "><marc:subfield code="9">1247</marc:subfield><marc:subfield code="3">12099230</marc:subfield><marc:subfield code="a">Trâǹ</marc:subfield><marc:subfield code="b">Quang Hải</marc:subfield><marc:subfield code="f">1944-....</marc:subfield></marc:datafield><marc:datafield tag="801" ind1=" " ind2="0"><marc:subfield code="a">FR</marc:subfield><marc:subfield code="b">595126101</marc:subfield><marc:subfield code="c">20070828</marc:subfield><marc:subfield code="g">AFNOR</marc:subfield></marc:datafield><marc:datafield tag="995" ind1=" " ind2=" "><marc:subfield code="0">0</marc:subfield><marc:subfield code="2">0</marc:subfield><marc:subfield code="4">0</marc:subfield><marc:subfield code="5">2005-03-22</marc:subfield><marc:subfield code="9">966</marc:subfield><marc:subfield code="P">18.00</marc:subfield><marc:subfield code="b">MED</marc:subfield><marc:subfield code="c">MED</marc:subfield><marc:subfield code="e">MED3C</marc:subfield><marc:subfield code="f">C0001375636</marc:subfield><marc:subfield code="h">AMV90ZZ</marc:subfield><marc:subfield code="k">DC/036.1 VIE</marc:subfield><marc:subfield code="o">0</marc:subfield><marc:subfield code="p">18.00</marc:subfield><marc:subfield code="r">PRETSON</marc:subfield><marc:subfield code="s">DC_036_100000000000000_VIE</marc:subfield><marc:subfield code="w">53</marc:subfield><marc:subfield code="y">2016-04-21</marc:subfield></marc:datafield></marc:record>